Timestamp;Precio;Volumen;Lado;Bid;Ask
2025-12-08 00:00:01;25753,0;85;ASK;25753,0;25753,0
2025-12-08 00:00:02;25751,5;14;ASK;25751,5;25751,5
2025-12-08 00:00:03;25753,5;8;ASK;25753,5;25753,5
2025-12-08 00:00:04;25752,75;4;ASK;25752,75;25752,75
2025-12-08 00:00:05;25751,0;1;ASK;25751,0;25751,0
2025-12-08 00:00:06;25750,75;6;ASK;25750,75;25750,75
2025-12-08 00:00:07;25750,25;7;ASK;25750,25;25750,25
2025-12-08 00:00:08;25750,75;11;ASK;25750,75;25750,75
2025-12-08 00:00:09;25753,0;21;ASK;25753,0;25753,0
2025-12-08 00:00:10;25756,5;27;ASK;25756,5;25756,5
2025-12-08 00:00:11;25770,0;32;ASK;25770,0;25770,0
2025-12-08 00:00:12;25763,0;6;ASK;25763,0;25763,0
2025-12-08 00:00:13;25769,25;6;ASK;25769,25;25769,25
2025-12-08 00:00:14;25766,0;12;ASK;25766,0;25766,0
2025-12-08 00:00:15;25766,5;2;ASK;25766,5;25766,5
2025-12-08 00:00:16;25760,75;9;ASK;25760,75;25760,75
2025-12-08 00:00:17;25756,75;6;ASK;25756,75;25756,75
2025-12-08 00:00:18;25761,25;19;ASK;25761,25;25761,25
2025-12-08 00:00:19;25756,0;6;ASK;25756,0;25756,0
2025-12-08 00:00:20;25753,5;9;ASK;25753,5;25753,5
2025-12-08 00:00:21;25752,75;2;ASK;25752,75;25752,75
2025-12-08 00:00:22;25752,75;2;ASK;25752,75;25752,75
2025-12-08 00:00:23;25754,0;10;ASK;25754,0;25754,0
2025-12-08 00:00:24;25754,25;4;ASK;25754,25;25754,25
2025-12-08 00:00:25;25751,0;2;ASK;25751,0;25751,0
2025-12-08 00:00:27;25752,75;1;ASK;25752,75;25752,75
2025-12-08 00:00:28;25756,0;8;ASK;25756,0;25756,0
2025-12-08 00:00:29;25756,5;18;ASK;25756,5;25756,5
2025-12-08 00:00:30;25759,25;3;ASK;25759,25;25759,25
2025-12-08 00:00:31;25759,25;1;ASK;25759,25;25759,25
2025-12-08 00:00:33;25754,0;5;ASK;25754,0;25754,0
2025-12-08 00:00:34;25754,0;2;ASK;25754,0;25754,0
2025-12-08 00:00:35;25754,0;1;ASK;25754,0;25754,0
2025-12-08 00:00:36;25757,0;3;ASK;25757,0;25757,0
2025-12-08 00:00:37;25754,25;9;ASK;25754,25;25754,25
2025-12-08 00:00:38;25754,0;3;ASK;25754,0;25754,0
2025-12-08 00:00:39;25754,25;2;ASK;25754,25;25754,25
2025-12-08 00:00:40;25755,25;8;ASK;25755,25;25755,25
2025-12-08 00:00:41;25755,75;1;ASK;25755,75;25755,75
2025-12-08 00:00:42;25755,25;1;ASK;25755,25;25755,25
2025-12-08 00:00:44;25754,5;13;ASK;25754,5;25754,5
2025-12-08 00:00:45;25753,25;5;ASK;25753,25;25753,25
2025-12-08 00:00:48;25749,0;11;ASK;25749,0;25749,0
2025-12-08 00:00:49;25749,25;8;ASK;25749,25;25749,25
2025-12-08 00:00:50;25753,25;16;ASK;25753,25;25753,25
2025-12-08 00:00:51;25747,25;8;ASK;25747,25;25747,25
2025-12-08 00:00:52;25747,0;10;ASK;25747,0;25747,0
2025-12-08 00:00:53;25745,5;1;ASK;25745,5;25745,5
2025-12-08 00:00:54;25744,25;5;ASK;25744,25;25744,25
2025-12-08 00:00:55;25745,5;6;ASK;25745,5;25745,5
2025-12-08 00:00:56;25747,25;2;ASK;25747,25;25747,25
2025-12-08 00:00:57;25750,25;8;ASK;25750,25;25750,25
2025-12-08 00:00:58;25750,25;4;ASK;25750,25;25750,25
2025-12-08 00:00:59;25748,5;55;ASK;25748,5;25748,5
2025-12-08 00:01:00;25751,0;2;ASK;25751,0;25751,0
2025-12-08 00:01:01;25749,25;18;ASK;25749,25;25749,25
2025-12-08 00:01:02;25751,5;2;ASK;25751,5;25751,5
2025-12-08 00:01:03;25751,75;2;ASK;25751,75;25751,75
2025-12-08 00:01:04;25751,75;2;ASK;25751,75;25751,75
2025-12-08 00:01:05;25751,5;2;ASK;25751,5;25751,5
2025-12-08 00:01:06;25749,5;3;ASK;25749,5;25749,5
2025-12-08 00:01:07;25751,0;16;ASK;25751,0;25751,0
2025-12-08 00:01:08;25751,75;10;ASK;25751,75;25751,75
2025-12-08 00:01:09;25750,25;3;ASK;25750,25;25750,25
2025-12-08 00:01:10;25750,0;4;ASK;25750,0;25750,0
2025-12-08 00:01:12;25750,0;10;ASK;25750,0;25750,0
2025-12-08 00:01:13;25752,5;4;ASK;25752,5;25752,5
2025-12-08 00:01:14;25750,75;1;ASK;25750,75;25750,75
2025-12-08 00:01:15;25752,0;1;ASK;25752,0;25752,0
2025-12-08 00:01:16;25754,5;6;ASK;25754,5;25754,5
2025-12-08 00:01:17;25753,25;4;ASK;25753,25;25753,25
2025-12-08 00:01:18;25755,0;2;ASK;25755,0;25755,0
2025-12-08 00:01:19;25753,75;4;ASK;25753,75;25753,75
2025-12-08 00:01:20;25751,5;6;ASK;25751,5;25751,5
2025-12-08 00:01:21;25752,5;4;ASK;25752,5;25752,5
2025-12-08 00:01:22;25752,25;2;ASK;25752,25;25752,25
2025-12-08 00:01:23;25751,75;1;ASK;25751,75;25751,75
2025-12-08 00:01:24;25752,5;2;ASK;25752,5;25752,5
2025-12-08 00:01:26;25750,25;9;ASK;25750,25;25750,25
2025-12-08 00:01:27;25751,75;12;ASK;25751,75;25751,75
2025-12-08 00:01:28;25750,25;1;ASK;25750,25;25750,25
2025-12-08 00:01:29;25748,25;2;ASK;25748,25;25748,25
2025-12-08 00:01:31;25748,5;1;ASK;25748,5;25748,5
2025-12-08 00:01:32;25747,25;7;ASK;25747,25;25747,25
2025-12-08 00:01:33;25748,5;4;ASK;25748,5;25748,5
2025-12-08 00:01:34;25748,0;3;ASK;25748,0;25748,0
2025-12-08 00:01:35;25747,0;1;ASK;25747,0;25747,0
2025-12-08 00:01:36;25747,0;3;ASK;25747,0;25747,0
2025-12-08 00:01:39;25744,75;4;ASK;25744,75;25744,75
2025-12-08 00:01:40;25742,25;23;ASK;25742,25;25742,25
2025-12-08 00:01:42;25744,25;12;ASK;25744,25;25744,25
2025-12-08 00:01:43;25743,0;3;ASK;25743,0;25743,0
2025-12-08 00:01:44;25740,75;11;ASK;25740,75;25740,75
2025-12-08 00:01:45;25741,75;16;ASK;25741,75;25741,75
2025-12-08 00:01:46;25744,0;3;ASK;25744,0;25744,0
2025-12-08 00:01:47;25742,75;3;ASK;25742,75;25742,75
2025-12-08 00:01:48;25744,5;1;ASK;25744,5;25744,5
2025-12-08 00:01:49;25742,75;2;ASK;25742,75;25742,75
2025-12-08 00:01:50;25744,25;1;ASK;25744,25;25744,25
2025-12-08 00:01:51;25744,25;1;ASK;25744,25;25744,25
2025-12-08 00:01:52;25743,75;4;ASK;25743,75;25743,75
2025-12-08 00:01:53;25738,0;27;ASK;25738,0;25738,0
2025-12-08 00:01:54;25739,25;10;ASK;25739,25;25739,25
2025-12-08 00:01:55;25734,75;19;ASK;25734,75;25734,75
2025-12-08 00:01:56;25732,75;23;ASK;25732,75;25732,75
2025-12-08 00:01:57;25736,5;5;ASK;25736,5;25736,5
2025-12-08 00:01:58;25736,25;2;ASK;25736,25;25736,25
2025-12-08 00:01:59;25737,25;2;ASK;25737,25;25737,25
2025-12-08 00:02:00;25741,25;7;ASK;25741,25;25741,25
2025-12-08 00:02:01;25739,5;2;ASK;25739,5;25739,5
2025-12-08 00:02:02;25741,25;2;ASK;25741,25;25741,25
2025-12-08 00:02:04;25742,0;8;ASK;25742,0;25742,0
2025-12-08 00:02:05;25744,25;3;ASK;25744,25;25744,25
2025-12-08 00:02:06;25744,25;30;ASK;25744,25;25744,25
2025-12-08 00:02:07;25742,5;2;ASK;25742,5;25742,5
2025-12-08 00:02:09;25744,75;1;ASK;25744,75;25744,75
2025-12-08 00:02:11;25742,25;3;ASK;25742,25;25742,25
2025-12-08 00:02:16;25742,75;15;ASK;25742,75;25742,75
2025-12-08 00:02:18;25745,0;10;ASK;25745,0;25745,0
2025-12-08 00:02:19;25744,0;1;ASK;25744,0;25744,0
2025-12-08 00:02:21;25744,0;1;ASK;25744,0;25744,0
2025-12-08 00:02:23;25744,75;2;ASK;25744,75;25744,75
2025-12-08 00:02:24;25743,0;3;ASK;25743,0;25743,0
2025-12-08 00:02:25;25743,0;1;ASK;25743,0;25743,0
2025-12-08 00:02:26;25745,25;1;ASK;25745,25;25745,25
2025-12-08 00:02:27;25744,0;1;ASK;25744,0;25744,0
2025-12-08 00:02:28;25745,5;3;ASK;25745,5;25745,5
2025-12-08 00:02:30;25746,25;4;ASK;25746,25;25746,25
2025-12-08 00:02:31;25746,5;1;ASK;25746,5;25746,5
2025-12-08 00:02:32;25745,0;2;ASK;25745,0;25745,0
2025-12-08 00:02:33;25744,75;1;ASK;25744,75;25744,75
2025-12-08 00:02:34;25741,75;5;ASK;25741,75;25741,75
2025-12-08 00:02:36;25742,5;1;ASK;25742,5;25742,5
2025-12-08 00:02:41;25743,0;2;ASK;25743,0;25743,0
2025-12-08 00:02:43;25742,0;7;ASK;25742,0;25742,0
2025-12-08 00:02:45;25741,25;1;ASK;25741,25;25741,25
2025-12-08 00:02:50;25742,0;1;ASK;25742,0;25742,0
2025-12-08 00:02:51;25742,0;1;ASK;25742,0;25742,0
2025-12-08 00:02:55;25741,0;1;ASK;25741,0;25741,0
2025-12-08 00:02:56;25739,75;3;ASK;25739,75;25739,75
2025-12-08 00:02:57;25740,0;9;ASK;25740,0;25740,0
2025-12-08 00:02:59;25739,25;3;ASK;25739,25;25739,25
2025-12-08 00:03:01;25740,25;2;ASK;25740,25;25740,25
2025-12-08 00:03:03;25738,75;1;ASK;25738,75;25738,75
2025-12-08 00:03:04;25737,25;3;ASK;25737,25;25737,25
2025-12-08 00:03:05;25739,75;3;ASK;25739,75;25739,75
2025-12-08 00:03:06;25740,0;1;ASK;25740,0;25740,0
2025-12-08 00:03:07;25739,0;1;ASK;25739,0;25739,0
2025-12-08 00:03:08;25739,0;1;ASK;25739,0;25739,0
2025-12-08 00:03:11;25738,25;3;ASK;25738,25;25738,25
2025-12-08 00:03:12;25739,25;1;ASK;25739,25;25739,25
2025-12-08 00:03:13;25738,5;3;ASK;25738,5;25738,5
2025-12-08 00:03:14;25738,25;1;ASK;25738,25;25738,25
2025-12-08 00:03:16;25736,0;2;ASK;25736,0;25736,0
2025-12-08 00:03:17;25736,5;4;ASK;25736,5;25736,5
2025-12-08 00:03:18;25735,25;3;ASK;25735,25;25735,25
2025-12-08 00:03:20;25734,75;1;ASK;25734,75;25734,75
2025-12-08 00:03:21;25732,75;6;ASK;25732,75;25732,75
2025-12-08 00:03:23;25734,5;6;ASK;25734,5;25734,5
2025-12-08 00:03:24;25733,25;1;ASK;25733,25;25733,25
2025-12-08 00:03:25;25735,0;1;ASK;25735,0;25735,0
2025-12-08 00:03:26;25734,75;3;ASK;25734,75;25734,75
2025-12-08 00:03:27;25734,75;5;ASK;25734,75;25734,75
2025-12-08 00:03:30;25736,75;2;ASK;25736,75;25736,75
2025-12-08 00:03:31;25737,0;4;ASK;25737,0;25737,0
2025-12-08 00:03:32;25737,5;1;ASK;25737,5;25737,5
2025-12-08 00:03:33;25737,0;7;ASK;25737,0;25737,0
2025-12-08 00:03:34;25738,5;14;ASK;25738,5;25738,5
2025-12-08 00:03:35;25740,0;6;ASK;25740,0;25740,0
2025-12-08 00:03:36;25740,0;8;ASK;25740,0;25740,0
2025-12-08 00:03:37;25741,0;1;ASK;25741,0;25741,0
2025-12-08 00:03:39;25740,0;3;ASK;25740,0;25740,0
2025-12-08 00:03:40;25739,75;2;ASK;25739,75;25739,75
2025-12-08 00:03:44;25738,75;3;ASK;25738,75;25738,75
2025-12-08 00:03:45;25739,5;2;ASK;25739,5;25739,5
2025-12-08 00:03:46;25739,75;2;ASK;25739,75;25739,75
2025-12-08 00:03:47;25739,5;2;ASK;25739,5;25739,5
2025-12-08 00:03:48;25739,75;1;ASK;25739,75;25739,75
2025-12-08 00:03:51;25737,0;3;ASK;25737,0;25737,0
2025-12-08 00:03:52;25739,75;6;ASK;25739,75;25739,75
2025-12-08 00:03:53;25737,25;1;ASK;25737,25;25737,25
2025-12-08 00:03:54;25735,75;3;ASK;25735,75;25735,75
2025-12-08 00:03:55;25735,0;1;ASK;25735,0;25735,0
2025-12-08 00:03:59;25735,5;1;ASK;25735,5;25735,5
2025-12-08 00:04:00;25737,5;5;ASK;25737,5;25737,5
2025-12-08 00:04:01;25739,25;2;ASK;25739,25;25739,25
2025-12-08 00:04:03;25737,75;2;ASK;25737,75;25737,75
2025-12-08 00:04:04;25736,0;1;ASK;25736,0;25736,0
2025-12-08 00:04:07;25736,75;1;ASK;25736,75;25736,75
2025-12-08 00:04:08;25736,5;1;ASK;25736,5;25736,5
2025-12-08 00:04:11;25738,0;4;ASK;25738,0;25738,0
2025-12-08 00:04:12;25733,75;12;ASK;25733,75;25733,75
2025-12-08 00:04:13;25733,0;4;ASK;25733,0;25733,0
2025-12-08 00:04:14;25732,5;3;ASK;25732,5;25732,5
2025-12-08 00:04:15;25734,75;7;ASK;25734,75;25734,75
2025-12-08 00:04:17;25736,0;1;ASK;25736,0;25736,0
2025-12-08 00:04:18;25733,5;2;ASK;25733,5;25733,5
2025-12-08 00:04:19;25731,5;5;ASK;25731,5;25731,5
2025-12-08 00:04:20;25731,5;1;ASK;25731,5;25731,5
2025-12-08 00:04:21;25732,5;1;ASK;25732,5;25732,5
2025-12-08 00:04:22;25731,75;1;ASK;25731,75;25731,75
2025-12-08 00:04:23;25731,0;2;ASK;25731,0;25731,0
2025-12-08 00:04:25;25733,0;1;ASK;25733,0;25733,0
2025-12-08 00:04:26;25733,25;1;ASK;25733,25;25733,25
2025-12-08 00:04:28;25733,5;3;ASK;25733,5;25733,5
2025-12-08 00:04:31;25734,0;3;ASK;25734,0;25734,0
2025-12-08 00:04:34;25734,25;2;ASK;25734,25;25734,25
2025-12-08 00:04:35;25735,5;2;ASK;25735,5;25735,5
2025-12-08 00:04:37;25733,75;5;ASK;25733,75;25733,75
2025-12-08 00:04:38;25735,75;1;ASK;25735,75;25735,75
2025-12-08 00:04:39;25736,25;5;ASK;25736,25;25736,25
2025-12-08 00:04:40;25735,75;1;ASK;25735,75;25735,75
2025-12-08 00:04:41;25736,25;1;ASK;25736,25;25736,25
2025-12-08 00:04:42;25733,25;5;ASK;25733,25;25733,25
2025-12-08 00:04:51;25738,0;6;ASK;25738,0;25738,0
2025-12-08 00:04:55;25736,75;2;ASK;25736,75;25736,75
2025-12-08 00:04:56;25737,75;1;ASK;25737,75;25737,75
2025-12-08 00:04:57;25738,0;2;ASK;25738,0;25738,0
2025-12-08 00:04:58;25738,25;1;ASK;25738,25;25738,25
2025-12-08 00:04:59;25738,5;1;ASK;25738,5;25738,5
2025-12-08 00:05:00;25738,75;6;ASK;25738,75;25738,75
2025-12-08 00:05:01;25738,5;7;ASK;25738,5;25738,5
2025-12-08 00:05:02;25733,75;4;ASK;25733,75;25733,75
2025-12-08 00:05:03;25737,5;3;ASK;25737,5;25737,5
2025-12-08 00:05:06;25737,25;1;ASK;25737,25;25737,25
2025-12-08 00:05:07;25735,5;3;ASK;25735,5;25735,5
2025-12-08 00:05:13;25735,25;1;ASK;25735,25;25735,25
2025-12-08 00:05:18;25735,75;5;ASK;25735,75;25735,75
2025-12-08 00:05:19;25735,25;1;ASK;25735,25;25735,25
2025-12-08 00:05:20;25735,5;1;ASK;25735,5;25735,5
2025-12-08 00:05:22;25734,0;1;ASK;25734,0;25734,0
2025-12-08 00:05:24;25734,25;1;ASK;25734,25;25734,25
2025-12-08 00:05:25;25734,25;2;ASK;25734,25;25734,25
2025-12-08 00:05:26;25734,25;1;ASK;25734,25;25734,25
2025-12-08 00:05:31;25734,25;2;ASK;25734,25;25734,25
2025-12-08 00:05:43;25735,25;1;ASK;25735,25;25735,25
2025-12-08 00:05:44;25733,0;2;ASK;25733,0;25733,0
2025-12-08 00:05:45;25730,25;33;ASK;25730,25;25730,25
2025-12-08 00:05:46;25728,0;5;ASK;25728,0;25728,0
2025-12-08 00:05:47;25727,25;7;ASK;25727,25;25727,25
2025-12-08 00:05:48;25726,75;1;ASK;25726,75;25726,75
2025-12-08 00:05:49;25728,0;1;ASK;25728,0;25728,0
2025-12-08 00:05:50;25726,25;5;ASK;25726,25;25726,25
2025-12-08 00:05:52;25726,25;2;ASK;25726,25;25726,25
2025-12-08 00:05:53;25726,5;8;ASK;25726,5;25726,5
2025-12-08 00:05:54;25726,25;1;ASK;25726,25;25726,25
2025-12-08 00:05:55;25726,25;35;ASK;25726,25;25726,25
2025-12-08 00:05:56;25725,75;6;ASK;25725,75;25725,75
2025-12-08 00:05:57;25725,5;3;ASK;25725,5;25725,5
2025-12-08 00:06:00;25725,25;10;ASK;25725,25;25725,25
2025-12-08 00:06:02;25725,0;4;ASK;25725,0;25725,0
2025-12-08 00:06:03;25723,25;8;ASK;25723,25;25723,25
2025-12-08 00:06:04;25719,5;68;ASK;25719,5;25719,5
2025-12-08 00:06:05;25721,0;6;ASK;25721,0;25721,0
2025-12-08 00:06:06;25721,5;2;ASK;25721,5;25721,5
2025-12-08 00:06:07;25725,0;4;ASK;25725,0;25725,0
2025-12-08 00:06:08;25723,25;4;ASK;25723,25;25723,25
2025-12-08 00:06:09;25724,5;1;ASK;25724,5;25724,5
2025-12-08 00:06:10;25733,0;139;ASK;25733,0;25733,0
2025-12-08 00:06:11;25734,25;3;ASK;25734,25;25734,25
2025-12-08 00:06:12;25733,5;2;ASK;25733,5;25733,5
2025-12-08 00:06:13;25731,5;1;ASK;25731,5;25731,5
2025-12-08 00:06:14;25733,25;1;ASK;25733,25;25733,25
2025-12-08 00:06:16;25736,5;9;ASK;25736,5;25736,5
2025-12-08 00:06:17;25732,25;2;ASK;25732,25;25732,25
2025-12-08 00:06:18;25734,25;2;ASK;25734,25;25734,25
2025-12-08 00:06:19;25730,0;10;ASK;25730,0;25730,0
2025-12-08 00:06:20;25730,25;1;ASK;25730,25;25730,25
2025-12-08 00:06:23;25731,5;1;ASK;25731,5;25731,5
2025-12-08 00:06:24;25731,25;1;ASK;25731,25;25731,25
2025-12-08 00:06:26;25731,25;1;ASK;25731,25;25731,25
2025-12-08 00:06:27;25730,25;1;ASK;25730,25;25730,25
2025-12-08 00:06:30;25730,0;1;ASK;25730,0;25730,0
2025-12-08 00:06:31;25730,0;1;ASK;25730,0;25730,0
2025-12-08 00:06:32;25730,0;3;ASK;25730,0;25730,0
2025-12-08 00:06:34;25732,0;3;ASK;25732,0;25732,0
2025-12-08 00:06:36;25732,25;1;ASK;25732,25;25732,25
2025-12-08 00:06:37;25734,0;1;ASK;25734,0;25734,0
2025-12-08 00:06:38;25735,5;6;ASK;25735,5;25735,5
2025-12-08 00:06:39;25733,5;1;ASK;25733,5;25733,5
2025-12-08 00:06:40;25736,25;6;ASK;25736,25;25736,25
2025-12-08 00:06:44;25736,0;3;ASK;25736,0;25736,0
2025-12-08 00:06:45;25735,75;1;ASK;25735,75;25735,75
2025-12-08 00:06:47;25735,5;1;ASK;25735,5;25735,5
2025-12-08 00:06:53;25736,0;2;ASK;25736,0;25736,0
2025-12-08 00:06:54;25735,5;1;ASK;25735,5;25735,5
2025-12-08 00:06:55;25733,0;8;ASK;25733,0;25733,0
2025-12-08 00:06:59;25732,0;1;ASK;25732,0;25732,0
2025-12-08 00:07:01;25730,75;1;ASK;25730,75;25730,75
2025-12-08 00:07:02;25732,0;1;ASK;25732,0;25732,0
2025-12-08 00:07:04;25733,0;6;ASK;25733,0;25733,0
2025-12-08 00:07:07;25734,75;1;ASK;25734,75;25734,75
2025-12-08 00:07:08;25735,75;1;ASK;25735,75;25735,75
2025-12-08 00:07:09;25735,75;1;ASK;25735,75;25735,75
2025-12-08 00:07:10;25736,25;1;ASK;25736,25;25736,25
2025-12-08 00:07:12;25737,0;10;ASK;25737,0;25737,0
2025-12-08 00:07:15;25736,5;2;ASK;25736,5;25736,5
2025-12-08 00:07:19;25736,0;1;ASK;25736,0;25736,0
2025-12-08 00:07:20;25736,25;1;ASK;25736,25;25736,25
2025-12-08 00:07:22;25736,5;4;ASK;25736,5;25736,5
2025-12-08 00:07:23;25737,0;17;ASK;25737,0;25737,0
2025-12-08 00:07:24;25738,25;1;ASK;25738,25;25738,25
2025-12-08 00:07:25;25737,0;1;ASK;25737,0;25737,0
2025-12-08 00:07:26;25736,75;1;ASK;25736,75;25736,75
2025-12-08 00:07:29;25738,75;10;ASK;25738,75;25738,75
2025-12-08 00:07:31;25738,25;1;ASK;25738,25;25738,25
2025-12-08 00:07:33;25737,75;1;ASK;25737,75;25737,75
2025-12-08 00:07:34;25738,25;2;ASK;25738,25;25738,25
2025-12-08 00:07:35;25738,5;9;ASK;25738,5;25738,5
2025-12-08 00:07:36;25740,0;40;ASK;25740,0;25740,0
2025-12-08 00:07:38;25739,25;9;ASK;25739,25;25739,25
2025-12-08 00:07:41;25737,75;1;ASK;25737,75;25737,75
2025-12-08 00:07:43;25738,0;2;ASK;25738,0;25738,0
2025-12-08 00:07:45;25739,25;1;ASK;25739,25;25739,25
2025-12-08 00:07:47;25740,0;5;ASK;25740,0;25740,0
2025-12-08 00:07:49;25740,0;1;ASK;25740,0;25740,0
2025-12-08 00:07:52;25740,0;5;ASK;25740,0;25740,0
2025-12-08 00:07:57;25736,75;3;ASK;25736,75;25736,75
2025-12-08 00:07:58;25736,0;2;ASK;25736,0;25736,0
2025-12-08 00:07:59;25736,75;8;ASK;25736,75;25736,75
2025-12-08 00:08:03;25735,25;2;ASK;25735,25;25735,25
2025-12-08 00:08:08;25738,25;11;ASK;25738,25;25738,25
2025-12-08 00:08:09;25737,75;8;ASK;25737,75;25737,75
2025-12-08 00:08:12;25738,25;1;ASK;25738,25;25738,25
2025-12-08 00:08:13;25738,5;3;ASK;25738,5;25738,5
2025-12-08 00:08:14;25738,0;12;ASK;25738,0;25738,0
2025-12-08 00:08:16;25738,0;1;ASK;25738,0;25738,0
2025-12-08 00:08:22;25736,75;1;ASK;25736,75;25736,75
2025-12-08 00:08:25;25736,5;1;ASK;25736,5;25736,5
2025-12-08 00:08:29;25737,0;6;ASK;25737,0;25737,0
2025-12-08 00:08:34;25736,25;1;ASK;25736,25;25736,25
2025-12-08 00:08:37;25737,0;1;ASK;25737,0;25737,0
2025-12-08 00:08:38;25736,75;5;ASK;25736,75;25736,75
2025-12-08 00:08:41;25734,5;4;ASK;25734,5;25734,5
2025-12-08 00:08:42;25735,0;1;ASK;25735,0;25735,0
2025-12-08 00:08:44;25739,25;15;ASK;25739,25;25739,25
2025-12-08 00:08:48;25739,25;8;ASK;25739,25;25739,25
2025-12-08 00:08:49;25740,0;2;ASK;25740,0;25740,0
2025-12-08 00:08:50;25742,0;1;ASK;25742,0;25742,0
2025-12-08 00:08:51;25742,0;2;ASK;25742,0;25742,0
2025-12-08 00:08:52;25740,75;3;ASK;25740,75;25740,75
2025-12-08 00:08:53;25742,0;2;ASK;25742,0;25742,0
2025-12-08 00:08:54;25743,25;4;ASK;25743,25;25743,25
2025-12-08 00:08:55;25743,0;2;ASK;25743,0;25743,0
2025-12-08 00:08:56;25745,0;16;ASK;25745,0;25745,0
2025-12-08 00:08:57;25746,25;15;ASK;25746,25;25746,25
2025-12-08 00:08:59;25743,5;3;ASK;25743,5;25743,5
2025-12-08 00:09:00;25742,5;2;ASK;25742,5;25742,5
2025-12-08 00:09:01;25742,0;4;ASK;25742,0;25742,0
2025-12-08 00:09:04;25743,0;1;ASK;25743,0;25743,0
2025-12-08 00:09:05;25743,0;1;ASK;25743,0;25743,0
2025-12-08 00:09:06;25745,0;8;ASK;25745,0;25745,0
2025-12-08 00:09:07;25744,25;1;ASK;25744,25;25744,25
2025-12-08 00:09:08;25745,0;3;ASK;25745,0;25745,0
2025-12-08 00:09:11;25744,0;1;ASK;25744,0;25744,0
2025-12-08 00:09:15;25744,75;4;ASK;25744,75;25744,75
2025-12-08 00:09:18;25744,75;2;ASK;25744,75;25744,75
2025-12-08 00:09:21;25746,75;10;ASK;25746,75;25746,75
2025-12-08 00:09:22;25743,25;14;ASK;25743,25;25743,25
2025-12-08 00:09:25;25743,25;1;ASK;25743,25;25743,25
2025-12-08 00:09:27;25743,0;3;ASK;25743,0;25743,0
2025-12-08 00:09:29;25744,5;2;ASK;25744,5;25744,5
2025-12-08 00:09:32;25744,0;1;ASK;25744,0;25744,0
2025-12-08 00:09:34;25741,75;1;ASK;25741,75;25741,75
2025-12-08 00:09:42;25741,75;3;ASK;25741,75;25741,75
2025-12-08 00:09:44;25740,5;2;ASK;25740,5;25740,5
2025-12-08 00:09:46;25738,5;14;ASK;25738,5;25738,5
2025-12-08 00:09:47;25738,75;1;ASK;25738,75;25738,75
2025-12-08 00:09:48;25740,25;2;ASK;25740,25;25740,25
2025-12-08 00:09:49;25741,0;2;ASK;25741,0;25741,0
2025-12-08 00:09:50;25741,75;2;ASK;25741,75;25741,75
2025-12-08 00:09:54;25741,25;1;ASK;25741,25;25741,25
2025-12-08 00:10:00;25739,25;2;ASK;25739,25;25739,25
2025-12-08 00:10:01;25738,0;4;ASK;25738,0;25738,0
2025-12-08 00:10:02;25737,5;6;ASK;25737,5;25737,5
2025-12-08 00:10:04;25737,0;2;ASK;25737,0;25737,0
2025-12-08 00:10:05;25736,5;5;ASK;25736,5;25736,5
2025-12-08 00:10:06;25736,25;2;ASK;25736,25;25736,25
2025-12-08 00:10:07;25736,5;1;ASK;25736,5;25736,5
2025-12-08 00:10:08;25736,5;3;ASK;25736,5;25736,5
2025-12-08 00:10:10;25735,75;3;ASK;25735,75;25735,75
2025-12-08 00:10:11;25736,25;1;ASK;25736,25;25736,25
2025-12-08 00:10:12;25738,0;3;ASK;25738,0;25738,0
2025-12-08 00:10:13;25737,75;1;ASK;25737,75;25737,75
2025-12-08 00:10:15;25737,5;1;ASK;25737,5;25737,5
2025-12-08 00:10:16;25738,0;2;ASK;25738,0;25738,0
2025-12-08 00:10:22;25736,25;2;ASK;25736,25;25736,25
2025-12-08 00:10:24;25735,5;2;ASK;25735,5;25735,5
2025-12-08 00:10:27;25735,75;1;ASK;25735,75;25735,75
2025-12-08 00:10:28;25737,25;1;ASK;25737,25;25737,25
2025-12-08 00:10:41;25735,25;1;ASK;25735,25;25735,25
2025-12-08 00:10:42;25736,75;1;ASK;25736,75;25736,75
2025-12-08 00:10:57;25737,75;1;ASK;25737,75;25737,75
2025-12-08 00:10:58;25738,25;1;ASK;25738,25;25738,25
2025-12-08 00:11:02;25740,0;6;ASK;25740,0;25740,0
2025-12-08 00:11:07;25740,0;1;ASK;25740,0;25740,0
2025-12-08 00:11:11;25739,0;1;ASK;25739,0;25739,0
2025-12-08 00:11:12;25737,5;2;ASK;25737,5;25737,5
2025-12-08 00:11:15;25738,75;1;ASK;25738,75;25738,75
2025-12-08 00:11:16;25739,0;2;ASK;25739,0;25739,0
2025-12-08 00:11:17;25739,5;8;ASK;25739,5;25739,5
2025-12-08 00:11:24;25738,5;2;ASK;25738,5;25738,5
2025-12-08 00:11:31;25740,0;1;ASK;25740,0;25740,0
2025-12-08 00:11:34;25739,5;1;ASK;25739,5;25739,5
2025-12-08 00:11:36;25740,0;1;ASK;25740,0;25740,0
2025-12-08 00:11:44;25740,5;1;ASK;25740,5;25740,5
2025-12-08 00:11:53;25741,0;2;ASK;25741,0;25741,0
2025-12-08 00:11:54;25741,25;1;ASK;25741,25;25741,25
2025-12-08 00:12:00;25742,5;1;ASK;25742,5;25742,5
2025-12-08 00:12:03;25742,25;1;ASK;25742,25;25742,25
2025-12-08 00:12:05;25742,75;1;ASK;25742,75;25742,75
2025-12-08 00:12:07;25743,0;1;ASK;25743,0;25743,0
2025-12-08 00:12:08;25742,0;2;ASK;25742,0;25742,0
2025-12-08 00:12:11;25743,75;5;ASK;25743,75;25743,75
2025-12-08 00:12:12;25741,25;1;ASK;25741,25;25741,25
2025-12-08 00:12:15;25742,25;3;ASK;25742,25;25742,25
2025-12-08 00:12:20;25739,75;4;ASK;25739,75;25739,75
2025-12-08 00:12:21;25739,0;1;ASK;25739,0;25739,0
2025-12-08 00:12:22;25737,0;5;ASK;25737,0;25737,0
2025-12-08 00:12:23;25738,25;3;ASK;25738,25;25738,25
2025-12-08 00:12:26;25737,75;1;ASK;25737,75;25737,75
2025-12-08 00:12:31;25738,25;1;ASK;25738,25;25738,25
2025-12-08 00:12:33;25738,25;1;ASK;25738,25;25738,25
2025-12-08 00:12:35;25740,25;1;ASK;25740,25;25740,25
2025-12-08 00:12:46;25738,25;1;ASK;25738,25;25738,25
2025-12-08 00:12:50;25740,5;1;ASK;25740,5;25740,5
2025-12-08 00:12:54;25737,75;5;ASK;25737,75;25737,75
2025-12-08 00:12:56;25739,75;1;ASK;25739,75;25739,75
2025-12-08 00:12:57;25738,25;2;ASK;25738,25;25738,25
2025-12-08 00:12:59;25737,75;2;ASK;25737,75;25737,75
2025-12-08 00:13:07;25737,5;1;ASK;25737,5;25737,5
2025-12-08 00:13:09;25737,0;2;ASK;25737,0;25737,0
2025-12-08 00:13:14;25736,75;1;ASK;25736,75;25736,75
2025-12-08 00:13:16;25736,75;1;ASK;25736,75;25736,75
2025-12-08 00:13:17;25736,25;2;ASK;25736,25;25736,25
2025-12-08 00:13:18;25735,25;12;ASK;25735,25;25735,25
2025-12-08 00:13:19;25735,75;2;ASK;25735,75;25735,75
2025-12-08 00:13:21;25735,5;1;ASK;25735,5;25735,5
2025-12-08 00:13:24;25734,0;1;ASK;25734,0;25734,0
2025-12-08 00:13:25;25734,0;2;ASK;25734,0;25734,0
2025-12-08 00:13:27;25734,5;2;ASK;25734,5;25734,5
2025-12-08 00:13:28;25734,0;1;ASK;25734,0;25734,0
2025-12-08 00:13:35;25734,0;2;ASK;25734,0;25734,0
2025-12-08 00:13:36;25733,25;4;ASK;25733,25;25733,25
2025-12-08 00:13:37;25733,5;2;ASK;25733,5;25733,5
2025-12-08 00:13:39;25733,75;1;ASK;25733,75;25733,75
2025-12-08 00:13:40;25735,5;5;ASK;25735,5;25735,5
2025-12-08 00:13:41;25735,5;1;ASK;25735,5;25735,5
2025-12-08 00:13:44;25734,25;1;ASK;25734,25;25734,25
2025-12-08 00:13:47;25734,25;1;ASK;25734,25;25734,25
2025-12-08 00:13:49;25733,0;4;ASK;25733,0;25733,0
2025-12-08 00:13:57;25733,5;1;ASK;25733,5;25733,5
2025-12-08 00:13:58;25733,75;3;ASK;25733,75;25733,75
2025-12-08 00:14:01;25729,0;19;ASK;25729,0;25729,0
2025-12-08 00:14:03;25731,75;1;ASK;25731,75;25731,75
2025-12-08 00:14:11;25729,5;2;ASK;25729,5;25729,5
2025-12-08 00:14:12;25729,75;1;ASK;25729,75;25729,75
2025-12-08 00:14:15;25728,25;6;ASK;25728,25;25728,25
2025-12-08 00:14:16;25729,5;1;ASK;25729,5;25729,5
2025-12-08 00:14:17;25729,0;26;ASK;25729,0;25729,0
2025-12-08 00:14:19;25726,5;5;ASK;25726,5;25726,5
2025-12-08 00:14:20;25725,25;10;ASK;25725,25;25725,25
2025-12-08 00:14:22;25724,75;8;ASK;25724,75;25724,75
2025-12-08 00:14:24;25723,5;6;ASK;25723,5;25723,5
2025-12-08 00:14:25;25725,25;2;ASK;25725,25;25725,25
2025-12-08 00:14:26;25727,25;13;ASK;25727,25;25727,25
2025-12-08 00:14:28;25727,25;1;ASK;25727,25;25727,25
2025-12-08 00:14:32;25725,75;1;ASK;25725,75;25725,75
2025-12-08 00:14:33;25726,25;1;ASK;25726,25;25726,25
2025-12-08 00:14:35;25725,75;3;ASK;25725,75;25725,75
2025-12-08 00:14:36;25725,0;1;ASK;25725,0;25725,0
2025-12-08 00:14:37;25725,25;1;ASK;25725,25;25725,25
2025-12-08 00:14:40;25725,75;3;ASK;25725,75;25725,75
2025-12-08 00:14:41;25727,25;3;ASK;25727,25;25727,25
2025-12-08 00:14:42;25727,75;1;ASK;25727,75;25727,75
2025-12-08 00:14:45;25728,75;3;ASK;25728,75;25728,75
2025-12-08 00:14:46;25727,0;1;ASK;25727,0;25727,0
2025-12-08 00:14:49;25726,25;2;ASK;25726,25;25726,25
2025-12-08 00:14:51;25726,25;1;ASK;25726,25;25726,25
2025-12-08 00:14:52;25728,0;16;ASK;25728,0;25728,0
2025-12-08 00:14:53;25729,5;2;ASK;25729,5;25729,5
2025-12-08 00:15:00;25729,75;1;ASK;25729,75;25729,75
2025-12-08 00:15:01;25728,0;7;ASK;25728,0;25728,0
2025-12-08 00:15:10;25726,5;2;ASK;25726,5;25726,5
2025-12-08 00:15:11;25726,0;5;ASK;25726,0;25726,0
2025-12-08 00:15:12;25725,75;1;ASK;25725,75;25725,75
2025-12-08 00:15:13;25726,5;1;ASK;25726,5;25726,5
2025-12-08 00:15:17;25727,0;5;ASK;25727,0;25727,0
2025-12-08 00:15:18;25725,5;3;ASK;25725,5;25725,5
2025-12-08 00:15:20;25727,0;1;ASK;25727,0;25727,0
2025-12-08 00:15:22;25726,5;1;ASK;25726,5;25726,5
2025-12-08 00:15:25;25726,25;6;ASK;25726,25;25726,25
2025-12-08 00:15:28;25726,5;2;ASK;25726,5;25726,5
2025-12-08 00:15:30;25727,0;1;ASK;25727,0;25727,0
2025-12-08 00:15:37;25728,0;1;ASK;25728,0;25728,0
2025-12-08 00:15:38;25729,75;12;ASK;25729,75;25729,75
2025-12-08 00:15:42;25730,5;6;ASK;25730,5;25730,5
2025-12-08 00:15:44;25730,75;1;ASK;25730,75;25730,75
2025-12-08 00:15:46;25729,0;1;ASK;25729,0;25729,0
2025-12-08 00:15:49;25730,0;2;ASK;25730,0;25730,0
2025-12-08 00:15:52;25731,25;1;ASK;25731,25;25731,25
2025-12-08 00:15:53;25729,0;1;ASK;25729,0;25729,0
2025-12-08 00:15:55;25729,75;1;ASK;25729,75;25729,75
2025-12-08 00:15:56;25730,25;6;ASK;25730,25;25730,25
2025-12-08 00:15:57;25730,75;1;ASK;25730,75;25730,75
2025-12-08 00:15:58;25728,75;7;ASK;25728,75;25728,75
2025-12-08 00:16:07;25730,0;10;ASK;25730,0;25730,0
2025-12-08 00:16:09;25731,5;9;ASK;25731,5;25731,5
2025-12-08 00:16:11;25732,0;2;ASK;25732,0;25732,0
2025-12-08 00:16:14;25731,5;1;ASK;25731,5;25731,5
2025-12-08 00:16:15;25731,75;1;ASK;25731,75;25731,75
2025-12-08 00:16:16;25732,25;1;ASK;25732,25;25732,25
2025-12-08 00:16:17;25732,25;1;ASK;25732,25;25732,25
2025-12-08 00:16:19;25732,25;1;ASK;25732,25;25732,25
2025-12-08 00:16:20;25730,5;2;ASK;25730,5;25730,5
2025-12-08 00:16:21;25732,0;1;ASK;25732,0;25732,0
2025-12-08 00:16:23;25732,25;2;ASK;25732,25;25732,25
2025-12-08 00:16:32;25732,75;2;ASK;25732,75;25732,75
2025-12-08 00:16:37;25733,75;8;ASK;25733,75;25733,75
2025-12-08 00:16:38;25735,25;7;ASK;25735,25;25735,25
2025-12-08 00:16:41;25734,0;2;ASK;25734,0;25734,0
2025-12-08 00:16:45;25733,25;1;ASK;25733,25;25733,25
2025-12-08 00:16:48;25734,25;5;ASK;25734,25;25734,25
2025-12-08 00:16:51;25736,0;3;ASK;25736,0;25736,0
2025-12-08 00:16:54;25734,25;1;ASK;25734,25;25734,25
2025-12-08 00:16:56;25734,0;2;ASK;25734,0;25734,0
2025-12-08 00:16:57;25736,25;6;ASK;25736,25;25736,25
2025-12-08 00:16:58;25736,5;1;ASK;25736,5;25736,5
2025-12-08 00:17:00;25736,25;1;ASK;25736,25;25736,25
2025-12-08 00:17:01;25737,0;2;ASK;25737,0;25737,0
2025-12-08 00:17:02;25734,25;10;ASK;25734,25;25734,25
2025-12-08 00:17:03;25734,75;2;ASK;25734,75;25734,75
2025-12-08 00:17:10;25735,75;1;ASK;25735,75;25735,75
2025-12-08 00:17:13;25737,5;2;ASK;25737,5;25737,5
2025-12-08 00:17:23;25736,0;12;ASK;25736,0;25736,0
2025-12-08 00:17:26;25736,25;1;ASK;25736,25;25736,25
2025-12-08 00:17:27;25736,5;2;ASK;25736,5;25736,5
2025-12-08 00:17:28;25736,5;1;ASK;25736,5;25736,5
2025-12-08 00:17:33;25737,25;1;ASK;25737,25;25737,25
2025-12-08 00:17:36;25738,5;7;ASK;25738,5;25738,5
2025-12-08 00:17:37;25738,5;3;ASK;25738,5;25738,5
2025-12-08 00:17:38;25738,75;1;ASK;25738,75;25738,75
2025-12-08 00:17:39;25737,75;1;ASK;25737,75;25737,75
2025-12-08 00:17:40;25738,25;1;ASK;25738,25;25738,25
2025-12-08 00:17:41;25738,5;1;ASK;25738,5;25738,5
2025-12-08 00:17:42;25739,0;1;ASK;25739,0;25739,0
2025-12-08 00:17:43;25740,0;6;ASK;25740,0;25740,0
2025-12-08 00:17:44;25738,5;8;ASK;25738,5;25738,5
2025-12-08 00:17:45;25739,75;2;ASK;25739,75;25739,75
2025-12-08 00:17:47;25739,5;3;ASK;25739,5;25739,5
2025-12-08 00:17:48;25741,25;3;ASK;25741,25;25741,25
2025-12-08 00:17:49;25742,0;31;ASK;25742,0;25742,0
2025-12-08 00:17:50;25743,25;6;ASK;25743,25;25743,25
2025-12-08 00:17:51;25743,75;3;ASK;25743,75;25743,75
2025-12-08 00:17:52;25741,75;4;ASK;25741,75;25741,75
2025-12-08 00:17:53;25743,5;4;ASK;25743,5;25743,5
2025-12-08 00:17:56;25740,5;9;ASK;25740,5;25740,5
2025-12-08 00:17:58;25741,0;2;ASK;25741,0;25741,0
2025-12-08 00:17:59;25741,0;1;ASK;25741,0;25741,0
2025-12-08 00:18:00;25741,0;3;ASK;25741,0;25741,0
2025-12-08 00:18:01;25739,25;2;ASK;25739,25;25739,25
2025-12-08 00:18:02;25739,75;2;ASK;25739,75;25739,75
2025-12-08 00:18:03;25741,25;5;ASK;25741,25;25741,25
2025-12-08 00:18:04;25740,25;2;ASK;25740,25;25740,25
2025-12-08 00:18:06;25742,25;2;ASK;25742,25;25742,25
2025-12-08 00:18:08;25742,75;2;ASK;25742,75;25742,75
2025-12-08 00:18:09;25739,5;5;ASK;25739,5;25739,5
2025-12-08 00:18:11;25739,75;1;ASK;25739,75;25739,75
2025-12-08 00:18:12;25739,5;1;ASK;25739,5;25739,5
2025-12-08 00:18:13;25740,25;2;ASK;25740,25;25740,25
2025-12-08 00:18:15;25740,0;1;ASK;25740,0;25740,0
2025-12-08 00:18:16;25740,5;1;ASK;25740,5;25740,5
2025-12-08 00:18:18;25739,5;3;ASK;25739,5;25739,5
2025-12-08 00:18:21;25738,5;1;ASK;25738,5;25738,5
2025-12-08 00:18:23;25738,75;1;ASK;25738,75;25738,75
2025-12-08 00:18:27;25740,25;3;ASK;25740,25;25740,25
2025-12-08 00:18:29;25738,25;1;ASK;25738,25;25738,25
2025-12-08 00:18:32;25738,0;1;ASK;25738,0;25738,0
2025-12-08 00:18:35;25737,5;2;ASK;25737,5;25737,5
2025-12-08 00:18:36;25736,5;2;ASK;25736,5;25736,5
2025-12-08 00:18:37;25734,75;5;ASK;25734,75;25734,75
2025-12-08 00:18:38;25736,25;1;ASK;25736,25;25736,25
2025-12-08 00:18:39;25735,0;1;ASK;25735,0;25735,0
2025-12-08 00:18:41;25735,0;2;ASK;25735,0;25735,0
2025-12-08 00:18:42;25735,75;4;ASK;25735,75;25735,75
2025-12-08 00:18:43;25734,75;1;ASK;25734,75;25734,75
2025-12-08 00:18:44;25734,0;1;ASK;25734,0;25734,0
2025-12-08 00:18:51;25735,5;2;ASK;25735,5;25735,5
2025-12-08 00:18:53;25735,5;1;ASK;25735,5;25735,5
2025-12-08 00:19:04;25736,0;6;ASK;25736,0;25736,0
2025-12-08 00:19:11;25735,75;2;ASK;25735,75;25735,75
2025-12-08 00:19:16;25734,5;3;ASK;25734,5;25734,5
2025-12-08 00:19:19;25735,0;6;ASK;25735,0;25735,0
2025-12-08 00:19:20;25734,0;1;ASK;25734,0;25734,0
2025-12-08 00:19:22;25733,5;3;ASK;25733,5;25733,5
2025-12-08 00:19:23;25735,0;1;ASK;25735,0;25735,0
2025-12-08 00:19:29;25734,25;1;ASK;25734,25;25734,25
2025-12-08 00:19:30;25734,0;1;ASK;25734,0;25734,0
2025-12-08 00:19:32;25733,0;3;ASK;25733,0;25733,0
2025-12-08 00:19:37;25731,0;6;ASK;25731,0;25731,0
2025-12-08 00:19:38;25731,25;4;ASK;25731,25;25731,25
2025-12-08 00:19:39;25733,25;2;ASK;25733,25;25733,25
2025-12-08 00:19:42;25733,5;3;ASK;25733,5;25733,5
2025-12-08 00:19:47;25733,75;1;ASK;25733,75;25733,75
2025-12-08 00:19:48;25734,5;1;ASK;25734,5;25734,5
2025-12-08 00:19:50;25735,25;1;ASK;25735,25;25735,25
2025-12-08 00:19:52;25735,5;2;ASK;25735,5;25735,5
2025-12-08 00:20:00;25736,25;1;ASK;25736,25;25736,25
2025-12-08 00:20:01;25738,25;3;ASK;25738,25;25738,25
2025-12-08 00:20:03;25740,5;3;ASK;25740,5;25740,5
2025-12-08 00:20:04;25739,25;6;ASK;25739,25;25739,25
2025-12-08 00:20:07;25741,0;2;ASK;25741,0;25741,0
2025-12-08 00:20:08;25741,5;3;ASK;25741,5;25741,5
2025-12-08 00:20:09;25741,75;1;ASK;25741,75;25741,75
2025-12-08 00:20:10;25742,25;1;ASK;25742,25;25742,25
2025-12-08 00:20:12;25741,75;3;ASK;25741,75;25741,75
2025-12-08 00:20:14;25742,5;1;ASK;25742,5;25742,5
2025-12-08 00:20:19;25742,5;1;ASK;25742,5;25742,5
2025-12-08 00:20:20;25740,75;2;ASK;25740,75;25740,75
2025-12-08 00:20:21;25740,5;1;ASK;25740,5;25740,5
2025-12-08 00:20:23;25741,5;3;ASK;25741,5;25741,5
2025-12-08 00:20:24;25741,75;3;ASK;25741,75;25741,75
2025-12-08 00:20:28;25741,25;1;ASK;25741,25;25741,25
2025-12-08 00:20:29;25741,25;1;ASK;25741,25;25741,25
2025-12-08 00:20:30;25741,5;2;ASK;25741,5;25741,5
2025-12-08 00:20:33;25738,75;3;ASK;25738,75;25738,75
2025-12-08 00:20:36;25738,0;1;ASK;25738,0;25738,0
2025-12-08 00:20:43;25737,25;5;ASK;25737,25;25737,25
2025-12-08 00:20:44;25738,0;1;ASK;25738,0;25738,0
2025-12-08 00:20:52;25738,25;2;ASK;25738,25;25738,25
2025-12-08 00:20:53;25738,0;1;ASK;25738,0;25738,0
2025-12-08 00:20:59;25742,0;7;ASK;25742,0;25742,0
2025-12-08 00:21:04;25742,75;3;ASK;25742,75;25742,75
2025-12-08 00:21:07;25743,0;2;ASK;25743,0;25743,0
2025-12-08 00:21:08;25745,25;12;ASK;25745,25;25745,25
2025-12-08 00:21:09;25745,25;1;ASK;25745,25;25745,25
2025-12-08 00:21:10;25746,0;4;ASK;25746,0;25746,0
2025-12-08 00:21:12;25743,75;3;ASK;25743,75;25743,75
2025-12-08 00:21:13;25744,5;2;ASK;25744,5;25744,5
2025-12-08 00:21:15;25746,25;10;ASK;25746,25;25746,25
2025-12-08 00:21:16;25746,5;1;ASK;25746,5;25746,5
2025-12-08 00:21:17;25747,25;18;ASK;25747,25;25747,25
2025-12-08 00:21:18;25748,5;1;ASK;25748,5;25748,5
2025-12-08 00:21:19;25748,75;5;ASK;25748,75;25748,75
2025-12-08 00:21:20;25750,0;8;ASK;25750,0;25750,0
2025-12-08 00:21:21;25749,25;17;ASK;25749,25;25749,25
2025-12-08 00:21:22;25747,75;10;ASK;25747,75;25747,75
2025-12-08 00:21:23;25750,0;4;ASK;25750,0;25750,0
2025-12-08 00:21:24;25749,5;13;ASK;25749,5;25749,5
2025-12-08 00:21:25;25751,0;7;ASK;25751,0;25751,0
2025-12-08 00:21:26;25750,0;4;ASK;25750,0;25750,0
2025-12-08 00:21:27;25749,25;4;ASK;25749,25;25749,25
2025-12-08 00:21:28;25749,25;1;ASK;25749,25;25749,25
2025-12-08 00:21:30;25750,5;6;ASK;25750,5;25750,5
2025-12-08 00:21:31;25752,0;10;ASK;25752,0;25752,0
2025-12-08 00:21:32;25753,0;6;ASK;25753,0;25753,0
2025-12-08 00:21:33;25752,0;1;ASK;25752,0;25752,0
2025-12-08 00:21:34;25752,5;1;ASK;25752,5;25752,5
2025-12-08 00:21:36;25753,0;2;ASK;25753,0;25753,0
2025-12-08 00:21:37;25753,75;16;ASK;25753,75;25753,75
2025-12-08 00:21:38;25754,25;7;ASK;25754,25;25754,25
2025-12-08 00:21:40;25753,75;1;ASK;25753,75;25753,75
2025-12-08 00:21:41;25754,0;6;ASK;25754,0;25754,0
2025-12-08 00:21:42;25754,5;9;ASK;25754,5;25754,5
2025-12-08 00:21:43;25753,5;4;ASK;25753,5;25753,5
2025-12-08 00:21:45;25750,0;17;ASK;25750,0;25750,0
2025-12-08 00:21:46;25749,25;1;ASK;25749,25;25749,25
2025-12-08 00:21:47;25748,25;6;ASK;25748,25;25748,25
2025-12-08 00:21:48;25749,0;2;ASK;25749,0;25749,0
2025-12-08 00:21:49;25749,75;2;ASK;25749,75;25749,75
2025-12-08 00:21:52;25750,5;1;ASK;25750,5;25750,5
2025-12-08 00:21:53;25750,75;1;ASK;25750,75;25750,75
2025-12-08 00:21:55;25751,5;2;ASK;25751,5;25751,5
2025-12-08 00:21:56;25751,75;7;ASK;25751,75;25751,75
2025-12-08 00:21:58;25752,25;3;ASK;25752,25;25752,25
2025-12-08 00:22:01;25752,25;3;ASK;25752,25;25752,25
2025-12-08 00:22:02;25751,75;4;ASK;25751,75;25751,75
2025-12-08 00:22:04;25749,25;12;ASK;25749,25;25749,25
2025-12-08 00:22:05;25748,0;2;ASK;25748,0;25748,0
2025-12-08 00:22:06;25748,0;2;ASK;25748,0;25748,0
2025-12-08 00:22:08;25748,25;1;ASK;25748,25;25748,25
2025-12-08 00:22:11;25749,25;3;ASK;25749,25;25749,25
2025-12-08 00:22:14;25751,0;9;ASK;25751,0;25751,0
2025-12-08 00:22:18;25751,0;1;ASK;25751,0;25751,0
2025-12-08 00:22:19;25752,0;14;ASK;25752,0;25752,0
2025-12-08 00:22:20;25751,25;4;ASK;25751,25;25751,25
2025-12-08 00:22:24;25747,25;1;ASK;25747,25;25747,25
2025-12-08 00:22:25;25748,0;3;ASK;25748,0;25748,0
2025-12-08 00:22:26;25749,0;3;ASK;25749,0;25749,0
2025-12-08 00:22:27;25748,5;5;ASK;25748,5;25748,5
2025-12-08 00:22:28;25750,25;3;ASK;25750,25;25750,25
2025-12-08 00:22:30;25751,0;1;ASK;25751,0;25751,0
2025-12-08 00:22:31;25750,75;1;ASK;25750,75;25750,75
2025-12-08 00:22:34;25751,0;4;ASK;25751,0;25751,0
2025-12-08 00:22:36;25750,5;4;ASK;25750,5;25750,5
2025-12-08 00:22:37;25751,5;6;ASK;25751,5;25751,5
2025-12-08 00:22:38;25751,75;1;ASK;25751,75;25751,75
2025-12-08 00:22:39;25750,25;2;ASK;25750,25;25750,25
2025-12-08 00:22:40;25749,25;3;ASK;25749,25;25749,25
2025-12-08 00:22:41;25748,25;8;ASK;25748,25;25748,25
2025-12-08 00:22:43;25748,0;2;ASK;25748,0;25748,0
2025-12-08 00:22:45;25747,5;1;ASK;25747,5;25747,5
2025-12-08 00:22:46;25747,25;1;ASK;25747,25;25747,25
2025-12-08 00:22:47;25749,5;4;ASK;25749,5;25749,5
2025-12-08 00:22:48;25748,5;1;ASK;25748,5;25748,5
2025-12-08 00:22:49;25747,5;1;ASK;25747,5;25747,5
2025-12-08 00:22:50;25747,5;4;ASK;25747,5;25747,5
2025-12-08 00:22:51;25747,0;1;ASK;25747,0;25747,0
2025-12-08 00:22:56;25746,5;2;ASK;25746,5;25746,5
2025-12-08 00:22:59;25745,5;1;ASK;25745,5;25745,5
2025-12-08 00:23:00;25745,0;2;ASK;25745,0;25745,0
2025-12-08 00:23:01;25746,5;3;ASK;25746,5;25746,5
2025-12-08 00:23:02;25746,25;2;ASK;25746,25;25746,25
2025-12-08 00:23:04;25745,75;1;ASK;25745,75;25745,75
2025-12-08 00:23:06;25745,75;1;ASK;25745,75;25745,75
2025-12-08 00:23:07;25746,25;2;ASK;25746,25;25746,25
2025-12-08 00:23:08;25746,5;2;ASK;25746,5;25746,5
2025-12-08 00:23:10;25745,5;1;ASK;25745,5;25745,5
2025-12-08 00:23:11;25746,25;1;ASK;25746,25;25746,25
2025-12-08 00:23:18;25746,5;1;ASK;25746,5;25746,5
2025-12-08 00:23:22;25745,0;2;ASK;25745,0;25745,0
2025-12-08 00:23:25;25745,0;8;ASK;25745,0;25745,0
2025-12-08 00:23:26;25745,25;2;ASK;25745,25;25745,25
2025-12-08 00:23:27;25745,5;4;ASK;25745,5;25745,5
2025-12-08 00:23:28;25744,75;1;ASK;25744,75;25744,75
2025-12-08 00:23:30;25743,5;21;ASK;25743,5;25743,5
2025-12-08 00:23:32;25744,5;2;ASK;25744,5;25744,5
2025-12-08 00:23:42;25745,25;8;ASK;25745,25;25745,25
2025-12-08 00:23:43;25746,75;1;ASK;25746,75;25746,75
2025-12-08 00:23:44;25746,75;2;ASK;25746,75;25746,75
2025-12-08 00:23:45;25746,75;1;ASK;25746,75;25746,75
2025-12-08 00:23:47;25748,0;2;ASK;25748,0;25748,0
2025-12-08 00:23:48;25747,0;1;ASK;25747,0;25747,0
2025-12-08 00:23:49;25747,75;1;ASK;25747,75;25747,75
2025-12-08 00:23:54;25748,0;9;ASK;25748,0;25748,0
2025-12-08 00:23:56;25747,5;1;ASK;25747,5;25747,5
2025-12-08 00:23:57;25748,0;2;ASK;25748,0;25748,0
2025-12-08 00:23:58;25749,0;1;ASK;25749,0;25749,0
2025-12-08 00:24:00;25750,0;7;ASK;25750,0;25750,0
2025-12-08 00:24:01;25751,5;8;ASK;25751,5;25751,5
2025-12-08 00:24:02;25752,25;9;ASK;25752,25;25752,25
2025-12-08 00:24:03;25753,5;3;ASK;25753,5;25753,5
2025-12-08 00:24:04;25754,25;11;ASK;25754,25;25754,25
2025-12-08 00:24:06;25753,5;1;ASK;25753,5;25753,5
2025-12-08 00:24:08;25753,5;1;ASK;25753,5;25753,5
2025-12-08 00:24:09;25751,75;13;ASK;25751,75;25751,75
2025-12-08 00:24:10;25752,75;1;ASK;25752,75;25752,75
2025-12-08 00:24:11;25750,75;11;ASK;25750,75;25750,75
2025-12-08 00:24:14;25751,25;1;ASK;25751,25;25751,25
2025-12-08 00:24:15;25751,0;1;ASK;25751,0;25751,0
2025-12-08 00:24:16;25751,0;1;ASK;25751,0;25751,0
2025-12-08 00:24:19;25750,0;5;ASK;25750,0;25750,0
2025-12-08 00:24:20;25750,5;6;ASK;25750,5;25750,5
2025-12-08 00:24:22;25748,5;3;ASK;25748,5;25748,5
2025-12-08 00:24:23;25749,5;1;ASK;25749,5;25749,5
2025-12-08 00:24:25;25750,5;1;ASK;25750,5;25750,5
2025-12-08 00:24:27;25751,5;4;ASK;25751,5;25751,5
2025-12-08 00:24:28;25752,5;6;ASK;25752,5;25752,5
2025-12-08 00:24:33;25752,75;2;ASK;25752,75;25752,75
2025-12-08 00:24:37;25753,25;2;ASK;25753,25;25753,25
2025-12-08 00:24:38;25753,25;2;ASK;25753,25;25753,25
2025-12-08 00:24:42;25754,25;1;ASK;25754,25;25754,25
2025-12-08 00:24:43;25754,5;8;ASK;25754,5;25754,5
2025-12-08 00:24:44;25753,25;1;ASK;25753,25;25753,25
2025-12-08 00:24:45;25753,25;2;ASK;25753,25;25753,25
2025-12-08 00:24:47;25753,0;2;ASK;25753,0;25753,0
2025-12-08 00:24:49;25752,5;4;ASK;25752,5;25752,5
2025-12-08 00:24:52;25752,0;1;ASK;25752,0;25752,0
2025-12-08 00:24:53;25751,0;1;ASK;25751,0;25751,0
2025-12-08 00:24:54;25752,25;1;ASK;25752,25;25752,25
2025-12-08 00:24:55;25751,0;12;ASK;25751,0;25751,0
2025-12-08 00:24:56;25750,25;1;ASK;25750,25;25750,25
2025-12-08 00:24:57;25748,0;15;ASK;25748,0;25748,0
2025-12-08 00:24:59;25749,25;5;ASK;25749,25;25749,25
2025-12-08 00:25:00;25749,25;2;ASK;25749,25;25749,25
2025-12-08 00:25:03;25749,75;1;ASK;25749,75;25749,75
2025-12-08 00:25:05;25748,5;1;ASK;25748,5;25748,5
2025-12-08 00:25:06;25749,5;1;ASK;25749,5;25749,5
2025-12-08 00:25:09;25752,25;9;ASK;25752,25;25752,25
2025-12-08 00:25:14;25749,75;1;ASK;25749,75;25749,75
2025-12-08 00:25:15;25748,25;8;ASK;25748,25;25748,25
2025-12-08 00:25:22;25749,5;2;ASK;25749,5;25749,5
2025-12-08 00:25:24;25748,5;1;ASK;25748,5;25748,5
2025-12-08 00:25:25;25748,0;1;ASK;25748,0;25748,0
2025-12-08 00:25:26;25749,0;5;ASK;25749,0;25749,0
2025-12-08 00:25:29;25748,25;6;ASK;25748,25;25748,25
2025-12-08 00:25:30;25748,5;1;ASK;25748,5;25748,5
2025-12-08 00:25:36;25746,25;7;ASK;25746,25;25746,25
2025-12-08 00:25:41;25747,75;1;ASK;25747,75;25747,75
2025-12-08 00:25:45;25747,75;2;ASK;25747,75;25747,75
2025-12-08 00:25:51;25748,0;6;ASK;25748,0;25748,0
2025-12-08 00:25:53;25747,5;11;ASK;25747,5;25747,5
2025-12-08 00:25:56;25747,5;3;ASK;25747,5;25747,5
2025-12-08 00:25:57;25747,0;3;ASK;25747,0;25747,0
2025-12-08 00:26:00;25746,5;2;ASK;25746,5;25746,5
2025-12-08 00:26:01;25745,0;3;ASK;25745,0;25745,0
2025-12-08 00:26:02;25745,75;7;ASK;25745,75;25745,75
2025-12-08 00:26:07;25745,5;1;ASK;25745,5;25745,5
2025-12-08 00:26:08;25746,5;1;ASK;25746,5;25746,5
2025-12-08 00:26:10;25740,5;53;ASK;25740,5;25740,5
2025-12-08 00:26:11;25739,0;2;ASK;25739,0;25739,0
2025-12-08 00:26:12;25739,25;7;ASK;25739,25;25739,25
2025-12-08 00:26:13;25740,5;1;ASK;25740,5;25740,5
2025-12-08 00:26:14;25739,5;3;ASK;25739,5;25739,5
2025-12-08 00:26:15;25738,25;3;ASK;25738,25;25738,25
2025-12-08 00:26:16;25738,75;7;ASK;25738,75;25738,75
2025-12-08 00:26:17;25735,0;35;ASK;25735,0;25735,0
2025-12-08 00:26:18;25735,75;4;ASK;25735,75;25735,75
2025-12-08 00:26:19;25734,75;5;ASK;25734,75;25734,75
2025-12-08 00:26:21;25735,5;10;ASK;25735,5;25735,5
2025-12-08 00:26:22;25736,0;1;ASK;25736,0;25736,0
2025-12-08 00:26:24;25737,5;15;ASK;25737,5;25737,5
2025-12-08 00:26:25;25738,0;1;ASK;25738,0;25738,0
2025-12-08 00:26:27;25738,5;12;ASK;25738,5;25738,5
2025-12-08 00:26:28;25740,5;7;ASK;25740,5;25740,5
2025-12-08 00:26:31;25741,5;2;ASK;25741,5;25741,5
2025-12-08 00:26:34;25740,25;1;ASK;25740,25;25740,25
2025-12-08 00:26:40;25741,75;3;ASK;25741,75;25741,75
2025-12-08 00:26:46;25740,5;2;ASK;25740,5;25740,5
2025-12-08 00:26:50;25740,0;2;ASK;25740,0;25740,0
2025-12-08 00:26:58;25738,5;2;ASK;25738,5;25738,5
2025-12-08 00:27:01;25738,25;1;ASK;25738,25;25738,25
2025-12-08 00:27:03;25739,5;3;ASK;25739,5;25739,5
2025-12-08 00:27:06;25740,5;1;ASK;25740,5;25740,5
2025-12-08 00:27:08;25741,0;1;ASK;25741,0;25741,0
2025-12-08 00:27:13;25739,5;2;ASK;25739,5;25739,5
2025-12-08 00:27:20;25739,0;1;ASK;25739,0;25739,0
2025-12-08 00:27:22;25738,0;3;ASK;25738,0;25738,0
2025-12-08 00:27:26;25738,5;1;ASK;25738,5;25738,5
2025-12-08 00:27:30;25738,0;1;ASK;25738,0;25738,0
2025-12-08 00:27:32;25737,75;1;ASK;25737,75;25737,75
2025-12-08 00:27:33;25737,5;1;ASK;25737,5;25737,5
2025-12-08 00:27:37;25737,5;1;ASK;25737,5;25737,5
2025-12-08 00:27:38;25736,75;2;ASK;25736,75;25736,75
2025-12-08 00:27:39;25737,75;1;ASK;25737,75;25737,75
2025-12-08 00:27:47;25738,75;1;ASK;25738,75;25738,75
2025-12-08 00:27:49;25739,25;1;ASK;25739,25;25739,25
2025-12-08 00:27:54;25737,5;1;ASK;25737,5;25737,5
2025-12-08 00:27:56;25739,0;38;ASK;25739,0;25739,0
2025-12-08 00:27:59;25740,5;10;ASK;25740,5;25740,5
2025-12-08 00:28:01;25741,25;2;ASK;25741,25;25741,25
2025-12-08 00:28:02;25740,75;4;ASK;25740,75;25740,75
2025-12-08 00:28:07;25739,25;1;ASK;25739,25;25739,25
2025-12-08 00:28:12;25738,5;11;ASK;25738,5;25738,5
2025-12-08 00:28:16;25740,0;1;ASK;25740,0;25740,0
2025-12-08 00:28:19;25742,25;10;ASK;25742,25;25742,25
2025-12-08 00:28:20;25742,5;1;ASK;25742,5;25742,5
2025-12-08 00:28:21;25742,5;1;ASK;25742,5;25742,5
2025-12-08 00:28:24;25744,0;2;ASK;25744,0;25744,0
2025-12-08 00:28:26;25743,5;1;ASK;25743,5;25743,5
2025-12-08 00:28:27;25742,75;5;ASK;25742,75;25742,75
2025-12-08 00:28:44;25744,5;1;ASK;25744,5;25744,5
2025-12-08 00:28:47;25744,5;2;ASK;25744,5;25744,5
2025-12-08 00:28:53;25744,25;1;ASK;25744,25;25744,25
2025-12-08 00:28:56;25745,5;2;ASK;25745,5;25745,5
2025-12-08 00:28:58;25745,0;1;ASK;25745,0;25745,0
2025-12-08 00:29:03;25746,0;1;ASK;25746,0;25746,0
2025-12-08 00:29:05;25748,0;8;ASK;25748,0;25748,0
2025-12-08 00:29:06;25748,0;1;ASK;25748,0;25748,0
2025-12-08 00:29:07;25745,75;1;ASK;25745,75;25745,75
2025-12-08 00:29:19;25746,0;1;ASK;25746,0;25746,0
2025-12-08 00:29:28;25746,75;1;ASK;25746,75;25746,75
2025-12-08 00:29:53;25746,25;1;ASK;25746,25;25746,25
2025-12-08 00:30:01;25746,0;1;ASK;25746,0;25746,0
2025-12-08 00:30:02;25747,5;3;ASK;25747,5;25747,5
2025-12-08 00:30:05;25748,5;2;ASK;25748,5;25748,5
2025-12-08 00:30:07;25749,25;1;ASK;25749,25;25749,25
2025-12-08 00:30:08;25749,0;1;ASK;25749,0;25749,0
2025-12-08 00:30:09;25748,25;2;ASK;25748,25;25748,25
2025-12-08 00:30:12;25746,75;1;ASK;25746,75;25746,75
2025-12-08 00:30:16;25746,25;1;ASK;25746,25;25746,25
2025-12-08 00:30:17;25746,5;1;ASK;25746,5;25746,5
2025-12-08 00:30:19;25747,5;1;ASK;25747,5;25747,5
2025-12-08 00:30:20;25747,75;2;ASK;25747,75;25747,75
2025-12-08 00:30:22;25750,0;3;ASK;25750,0;25750,0
2025-12-08 00:30:24;25750,75;5;ASK;25750,75;25750,75
2025-12-08 00:30:27;25750,25;1;ASK;25750,25;25750,25
2025-12-08 00:30:28;25750,5;1;ASK;25750,5;25750,5
2025-12-08 00:30:30;25748,5;2;ASK;25748,5;25748,5
2025-12-08 00:30:31;25747,75;1;ASK;25747,75;25747,75
2025-12-08 00:30:33;25748,0;2;ASK;25748,0;25748,0
2025-12-08 00:30:37;25748,5;1;ASK;25748,5;25748,5
2025-12-08 00:30:49;25747,25;1;ASK;25747,25;25747,25
2025-12-08 00:30:50;25745,5;9;ASK;25745,5;25745,5
2025-12-08 00:30:51;25746,25;1;ASK;25746,25;25746,25
2025-12-08 00:30:55;25745,75;2;ASK;25745,75;25745,75
2025-12-08 00:30:57;25745,25;17;ASK;25745,25;25745,25
2025-12-08 00:30:58;25745,25;1;ASK;25745,25;25745,25
2025-12-08 00:31:00;25747,25;19;ASK;25747,25;25747,25
2025-12-08 00:31:01;25748,75;1;ASK;25748,75;25748,75
2025-12-08 00:31:04;25746,5;8;ASK;25746,5;25746,5
2025-12-08 00:31:05;25745,75;3;ASK;25745,75;25745,75
2025-12-08 00:31:09;25745,75;3;ASK;25745,75;25745,75
2025-12-08 00:31:13;25746,75;2;ASK;25746,75;25746,75
2025-12-08 00:31:14;25747,5;3;ASK;25747,5;25747,5
2025-12-08 00:31:15;25749,0;1;ASK;25749,0;25749,0
2025-12-08 00:31:16;25748,5;1;ASK;25748,5;25748,5
2025-12-08 00:31:20;25751,0;26;ASK;25751,0;25751,0
2025-12-08 00:31:21;25751,0;2;ASK;25751,0;25751,0
2025-12-08 00:31:22;25752,5;2;ASK;25752,5;25752,5
2025-12-08 00:31:23;25752,75;6;ASK;25752,75;25752,75
2025-12-08 00:31:26;25750,75;4;ASK;25750,75;25750,75
2025-12-08 00:31:30;25748,75;3;ASK;25748,75;25748,75
2025-12-08 00:31:31;25748,75;2;ASK;25748,75;25748,75
2025-12-08 00:31:32;25749,0;27;ASK;25749,0;25749,0
2025-12-08 00:31:33;25748,0;3;ASK;25748,0;25748,0
2025-12-08 00:31:39;25746,75;2;ASK;25746,75;25746,75
2025-12-08 00:31:42;25748,5;1;ASK;25748,5;25748,5
2025-12-08 00:31:46;25746,25;2;ASK;25746,25;25746,25
2025-12-08 00:31:51;25748,5;4;ASK;25748,5;25748,5
2025-12-08 00:32:03;25746,0;1;ASK;25746,0;25746,0
2025-12-08 00:32:11;25746,5;1;ASK;25746,5;25746,5
2025-12-08 00:32:12;25747,25;5;ASK;25747,25;25747,25
2025-12-08 00:32:13;25746,75;1;ASK;25746,75;25746,75
2025-12-08 00:32:24;25746,0;1;ASK;25746,0;25746,0
2025-12-08 00:32:25;25746,75;2;ASK;25746,75;25746,75
2025-12-08 00:32:31;25750,25;10;ASK;25750,25;25750,25
2025-12-08 00:32:32;25749,25;2;ASK;25749,25;25749,25
2025-12-08 00:32:38;25748,5;1;ASK;25748,5;25748,5
2025-12-08 00:32:42;25748,0;2;ASK;25748,0;25748,0
2025-12-08 00:32:44;25747,5;1;ASK;25747,5;25747,5
2025-12-08 00:32:46;25747,25;2;ASK;25747,25;25747,25
2025-12-08 00:32:52;25748,0;1;ASK;25748,0;25748,0
2025-12-08 00:33:04;25749,25;1;ASK;25749,25;25749,25
2025-12-08 00:33:09;25748,25;5;ASK;25748,25;25748,25
2025-12-08 00:33:11;25747,75;2;ASK;25747,75;25747,75
2025-12-08 00:33:14;25748,5;1;ASK;25748,5;25748,5
2025-12-08 00:33:15;25745,5;12;ASK;25745,5;25745,5
2025-12-08 00:33:18;25747,0;1;ASK;25747,0;25747,0
2025-12-08 00:33:25;25747,5;3;ASK;25747,5;25747,5
2025-12-08 00:33:28;25749,0;2;ASK;25749,0;25749,0
2025-12-08 00:33:39;25746,75;5;ASK;25746,75;25746,75
2025-12-08 00:33:44;25746,25;3;ASK;25746,25;25746,25
2025-12-08 00:33:59;25750,25;1;ASK;25750,25;25750,25
2025-12-08 00:34:03;25750,25;1;ASK;25750,25;25750,25
2025-12-08 00:34:04;25749,25;1;ASK;25749,25;25749,25
2025-12-08 00:34:05;25750,0;2;ASK;25750,0;25750,0
2025-12-08 00:34:20;25751,0;2;ASK;25751,0;25751,0
2025-12-08 00:34:22;25751,5;1;ASK;25751,5;25751,5
2025-12-08 00:34:23;25749,75;5;ASK;25749,75;25749,75
2025-12-08 00:34:24;25750,0;2;ASK;25750,0;25750,0
2025-12-08 00:34:26;25749,5;2;ASK;25749,5;25749,5
2025-12-08 00:34:32;25750,25;1;ASK;25750,25;25750,25
2025-12-08 00:34:35;25749,25;2;ASK;25749,25;25749,25
2025-12-08 00:34:37;25751,25;1;ASK;25751,25;25751,25
2025-12-08 00:34:42;25750,5;7;ASK;25750,5;25750,5
2025-12-08 00:34:46;25750,25;2;ASK;25750,25;25750,25
2025-12-08 00:34:48;25746,75;4;ASK;25746,75;25746,75
2025-12-08 00:34:49;25748,75;1;ASK;25748,75;25748,75
2025-12-08 00:34:54;25749,75;2;ASK;25749,75;25749,75
2025-12-08 00:34:55;25750,25;1;ASK;25750,25;25750,25
2025-12-08 00:35:02;25750,25;2;ASK;25750,25;25750,25
2025-12-08 00:35:04;25749,75;2;ASK;25749,75;25749,75
2025-12-08 00:35:07;25750,75;1;ASK;25750,75;25750,75
2025-12-08 00:35:17;25752,5;1;ASK;25752,5;25752,5
2025-12-08 00:35:18;25751,25;2;ASK;25751,25;25751,25
2025-12-08 00:35:20;25754,5;34;ASK;25754,5;25754,5
2025-12-08 00:35:21;25755,75;2;ASK;25755,75;25755,75
2025-12-08 00:35:23;25756,5;3;ASK;25756,5;25756,5
2025-12-08 00:35:24;25755,0;7;ASK;25755,0;25755,0
2025-12-08 00:35:25;25755,75;4;ASK;25755,75;25755,75
2025-12-08 00:35:27;25755,5;5;ASK;25755,5;25755,5
2025-12-08 00:35:29;25755,25;2;ASK;25755,25;25755,25
2025-12-08 00:35:31;25755,25;1;ASK;25755,25;25755,25
2025-12-08 00:35:34;25753,75;4;ASK;25753,75;25753,75
2025-12-08 00:35:36;25755,0;3;ASK;25755,0;25755,0
2025-12-08 00:35:37;25754,75;1;ASK;25754,75;25754,75
2025-12-08 00:35:38;25753,5;1;ASK;25753,5;25753,5
2025-12-08 00:35:44;25753,5;1;ASK;25753,5;25753,5
2025-12-08 00:35:46;25755,5;8;ASK;25755,5;25755,5
2025-12-08 00:35:47;25754,75;9;ASK;25754,75;25754,75
2025-12-08 00:35:56;25754,0;1;ASK;25754,0;25754,0
2025-12-08 00:35:59;25751,75;12;ASK;25751,75;25751,75
2025-12-08 00:36:01;25751,25;7;ASK;25751,25;25751,25
2025-12-08 00:36:02;25750,25;4;ASK;25750,25;25750,25
2025-12-08 00:36:05;25752,0;2;ASK;25752,0;25752,0
2025-12-08 00:36:06;25752,0;1;ASK;25752,0;25752,0
2025-12-08 00:36:11;25750,75;2;ASK;25750,75;25750,75
2025-12-08 00:36:14;25752,75;2;ASK;25752,75;25752,75
2025-12-08 00:36:17;25753,5;1;ASK;25753,5;25753,5
2025-12-08 00:36:21;25753,0;1;ASK;25753,0;25753,0
2025-12-08 00:36:22;25754,5;2;ASK;25754,5;25754,5
2025-12-08 00:36:23;25754,5;1;ASK;25754,5;25754,5
2025-12-08 00:36:26;25754,75;1;ASK;25754,75;25754,75
2025-12-08 00:36:28;25754,0;1;ASK;25754,0;25754,0
2025-12-08 00:36:29;25755,5;2;ASK;25755,5;25755,5
2025-12-08 00:36:32;25755,0;1;ASK;25755,0;25755,0
2025-12-08 00:36:38;25754,5;1;ASK;25754,5;25754,5
2025-12-08 00:36:48;25754,0;1;ASK;25754,0;25754,0
2025-12-08 00:36:51;25754,0;1;ASK;25754,0;25754,0
2025-12-08 00:36:55;25753,75;5;ASK;25753,75;25753,75
2025-12-08 00:37:08;25753,5;1;ASK;25753,5;25753,5
2025-12-08 00:37:12;25753,0;1;ASK;25753,0;25753,0
2025-12-08 00:37:14;25753,25;2;ASK;25753,25;25753,25
2025-12-08 00:37:18;25753,75;1;ASK;25753,75;25753,75
2025-12-08 00:37:19;25753,75;2;ASK;25753,75;25753,75
2025-12-08 00:37:24;25752,0;2;ASK;25752,0;25752,0
2025-12-08 00:37:26;25752,75;1;ASK;25752,75;25752,75
2025-12-08 00:37:42;25753,25;1;ASK;25753,25;25753,25
2025-12-08 00:37:48;25752,5;1;ASK;25752,5;25752,5
2025-12-08 00:38:00;25751,0;3;ASK;25751,0;25751,0
2025-12-08 00:38:02;25752,0;11;ASK;25752,0;25752,0
2025-12-08 00:38:04;25752,0;1;ASK;25752,0;25752,0
2025-12-08 00:38:09;25751,5;4;ASK;25751,5;25751,5
2025-12-08 00:38:16;25751,0;8;ASK;25751,0;25751,0
2025-12-08 00:38:17;25751,0;1;ASK;25751,0;25751,0
2025-12-08 00:38:22;25749,75;3;ASK;25749,75;25749,75
2025-12-08 00:38:25;25750,5;3;ASK;25750,5;25750,5
2025-12-08 00:38:26;25748,75;8;ASK;25748,75;25748,75
2025-12-08 00:38:28;25748,0;3;ASK;25748,0;25748,0
2025-12-08 00:38:29;25748,0;6;ASK;25748,0;25748,0
2025-12-08 00:38:30;25748,0;4;ASK;25748,0;25748,0
2025-12-08 00:38:31;25746,75;8;ASK;25746,75;25746,75
2025-12-08 00:38:35;25746,25;1;ASK;25746,25;25746,25
2025-12-08 00:38:37;25747,75;12;ASK;25747,75;25747,75
2025-12-08 00:38:38;25748,25;2;ASK;25748,25;25748,25
2025-12-08 00:38:40;25748,75;1;ASK;25748,75;25748,75
2025-12-08 00:38:44;25748,75;3;ASK;25748,75;25748,75
2025-12-08 00:38:47;25748,25;1;ASK;25748,25;25748,25
2025-12-08 00:38:48;25749,5;3;ASK;25749,5;25749,5
2025-12-08 00:38:50;25749,75;1;ASK;25749,75;25749,75
2025-12-08 00:38:51;25749,75;1;ASK;25749,75;25749,75
2025-12-08 00:38:56;25749,75;1;ASK;25749,75;25749,75
2025-12-08 00:38:59;25749,75;1;ASK;25749,75;25749,75
2025-12-08 00:39:01;25749,5;2;ASK;25749,5;25749,5
2025-12-08 00:39:05;25749,5;2;ASK;25749,5;25749,5
2025-12-08 00:39:13;25750,0;3;ASK;25750,0;25750,0
2025-12-08 00:39:16;25749,5;2;ASK;25749,5;25749,5
2025-12-08 00:39:19;25749,75;1;ASK;25749,75;25749,75
2025-12-08 00:39:21;25749,25;2;ASK;25749,25;25749,25
2025-12-08 00:39:23;25749,0;1;ASK;25749,0;25749,0
2025-12-08 00:39:26;25748,0;1;ASK;25748,0;25748,0
2025-12-08 00:39:27;25749,0;1;ASK;25749,0;25749,0
2025-12-08 00:39:29;25747,0;1;ASK;25747,0;25747,0
2025-12-08 00:39:32;25749,25;2;ASK;25749,25;25749,25
2025-12-08 00:39:38;25748,75;1;ASK;25748,75;25748,75
2025-12-08 00:39:39;25749,25;1;ASK;25749,25;25749,25
2025-12-08 00:39:54;25748,75;1;ASK;25748,75;25748,75
2025-12-08 00:40:04;25748,0;5;ASK;25748,0;25748,0
2025-12-08 00:40:22;25748,75;1;ASK;25748,75;25748,75
2025-12-08 00:40:30;25747,5;3;ASK;25747,5;25747,5
2025-12-08 00:40:34;25747,0;7;ASK;25747,0;25747,0
2025-12-08 00:40:35;25747,0;1;ASK;25747,0;25747,0
2025-12-08 00:40:36;25747,0;3;ASK;25747,0;25747,0
2025-12-08 00:40:37;25747,25;1;ASK;25747,25;25747,25
2025-12-08 00:40:38;25746,0;3;ASK;25746,0;25746,0
2025-12-08 00:40:39;25747,0;1;ASK;25747,0;25747,0
2025-12-08 00:40:40;25746,25;1;ASK;25746,25;25746,25
2025-12-08 00:40:42;25746,5;1;ASK;25746,5;25746,5
2025-12-08 00:40:47;25746,25;1;ASK;25746,25;25746,25
2025-12-08 00:41:00;25746,25;1;ASK;25746,25;25746,25
2025-12-08 00:41:03;25746,0;1;ASK;25746,0;25746,0
2025-12-08 00:41:06;25745,5;2;ASK;25745,5;25745,5
2025-12-08 00:41:07;25745,0;8;ASK;25745,0;25745,0
2025-12-08 00:41:09;25744,25;1;ASK;25744,25;25744,25
2025-12-08 00:41:13;25746,0;1;ASK;25746,0;25746,0
2025-12-08 00:41:14;25746,0;1;ASK;25746,0;25746,0
2025-12-08 00:41:15;25746,25;1;ASK;25746,25;25746,25
2025-12-08 00:41:22;25746,25;1;ASK;25746,25;25746,25
2025-12-08 00:41:26;25746,0;1;ASK;25746,0;25746,0
2025-12-08 00:41:27;25746,5;1;ASK;25746,5;25746,5
2025-12-08 00:41:29;25747,25;3;ASK;25747,25;25747,25
2025-12-08 00:41:32;25746,75;5;ASK;25746,75;25746,75
2025-12-08 00:41:39;25745,25;1;ASK;25745,25;25745,25
2025-12-08 00:41:41;25745,75;1;ASK;25745,75;25745,75
2025-12-08 00:41:45;25744,25;1;ASK;25744,25;25744,25
2025-12-08 00:41:47;25745,5;2;ASK;25745,5;25745,5
2025-12-08 00:41:48;25744,75;1;ASK;25744,75;25744,75
2025-12-08 00:41:49;25744,75;1;ASK;25744,75;25744,75
2025-12-08 00:41:50;25744,75;1;ASK;25744,75;25744,75
2025-12-08 00:41:57;25744,75;1;ASK;25744,75;25744,75
2025-12-08 00:42:00;25744,5;2;ASK;25744,5;25744,5
2025-12-08 00:42:02;25743,75;7;ASK;25743,75;25743,75
2025-12-08 00:42:03;25741,0;17;ASK;25741,0;25741,0
2025-12-08 00:42:05;25741,0;1;ASK;25741,0;25741,0
2025-12-08 00:42:06;25741,0;1;ASK;25741,0;25741,0
2025-12-08 00:42:07;25741,25;4;ASK;25741,25;25741,25
2025-12-08 00:42:09;25740,75;2;ASK;25740,75;25740,75
2025-12-08 00:42:10;25741,0;1;ASK;25741,0;25741,0
2025-12-08 00:42:11;25741,0;2;ASK;25741,0;25741,0
2025-12-08 00:42:12;25740,75;2;ASK;25740,75;25740,75
2025-12-08 00:42:14;25740,25;1;ASK;25740,25;25740,25
2025-12-08 00:42:16;25744,25;15;ASK;25744,25;25744,25
2025-12-08 00:42:21;25743,0;1;ASK;25743,0;25743,0
2025-12-08 00:42:24;25745,25;4;ASK;25745,25;25745,25
2025-12-08 00:42:26;25745,5;3;ASK;25745,5;25745,5
2025-12-08 00:42:28;25746,0;2;ASK;25746,0;25746,0
2025-12-08 00:42:29;25745,5;2;ASK;25745,5;25745,5
2025-12-08 00:42:32;25746,75;1;ASK;25746,75;25746,75
2025-12-08 00:42:33;25746,75;1;ASK;25746,75;25746,75
2025-12-08 00:42:40;25748,5;12;ASK;25748,5;25748,5
2025-12-08 00:42:41;25749,25;2;ASK;25749,25;25749,25
2025-12-08 00:42:43;25748,25;3;ASK;25748,25;25748,25
2025-12-08 00:42:44;25749,0;1;ASK;25749,0;25749,0
2025-12-08 00:42:48;25748,75;1;ASK;25748,75;25748,75
2025-12-08 00:42:49;25750,0;1;ASK;25750,0;25750,0
2025-12-08 00:42:52;25748,5;10;ASK;25748,5;25748,5
2025-12-08 00:43:00;25747,5;2;ASK;25747,5;25747,5
2025-12-08 00:43:13;25748,25;1;ASK;25748,25;25748,25
2025-12-08 00:43:15;25748,5;1;ASK;25748,5;25748,5
2025-12-08 00:43:16;25749,75;2;ASK;25749,75;25749,75
2025-12-08 00:43:19;25747,25;5;ASK;25747,25;25747,25
2025-12-08 00:43:24;25747,75;3;ASK;25747,75;25747,75
2025-12-08 00:43:27;25748,75;1;ASK;25748,75;25748,75
2025-12-08 00:43:58;25749,25;3;ASK;25749,25;25749,25
2025-12-08 00:44:00;25748,75;1;ASK;25748,75;25748,75
2025-12-08 00:44:04;25749,25;1;ASK;25749,25;25749,25
2025-12-08 00:44:05;25749,5;3;ASK;25749,5;25749,5
2025-12-08 00:44:17;25748,0;1;ASK;25748,0;25748,0
2025-12-08 00:44:21;25748,25;1;ASK;25748,25;25748,25
2025-12-08 00:44:25;25747,25;1;ASK;25747,25;25747,25
2025-12-08 00:44:30;25749,0;2;ASK;25749,0;25749,0
2025-12-08 00:44:52;25748,25;1;ASK;25748,25;25748,25
2025-12-08 00:44:55;25748,25;1;ASK;25748,25;25748,25
2025-12-08 00:45:01;25746,5;7;ASK;25746,5;25746,5
2025-12-08 00:45:02;25746,75;1;ASK;25746,75;25746,75
2025-12-08 00:45:04;25747,75;1;ASK;25747,75;25747,75
2025-12-08 00:45:05;25747,25;1;ASK;25747,25;25747,25
2025-12-08 00:45:07;25747,75;2;ASK;25747,75;25747,75
2025-12-08 00:45:10;25745,75;1;ASK;25745,75;25745,75
2025-12-08 00:45:12;25744,75;3;ASK;25744,75;25744,75
2025-12-08 00:45:13;25743,0;5;ASK;25743,0;25743,0
2025-12-08 00:45:21;25743,0;1;ASK;25743,0;25743,0
2025-12-08 00:45:22;25742,75;1;ASK;25742,75;25742,75
2025-12-08 00:45:24;25744,25;1;ASK;25744,25;25744,25
2025-12-08 00:45:29;25745,5;1;ASK;25745,5;25745,5
2025-12-08 00:45:37;25743,5;1;ASK;25743,5;25743,5
2025-12-08 00:45:45;25743,0;1;ASK;25743,0;25743,0
2025-12-08 00:45:46;25743,25;2;ASK;25743,25;25743,25
2025-12-08 00:45:48;25745,0;3;ASK;25745,0;25745,0
2025-12-08 00:45:51;25744,5;1;ASK;25744,5;25744,5
2025-12-08 00:45:53;25744,25;1;ASK;25744,25;25744,25
2025-12-08 00:46:01;25745,0;2;ASK;25745,0;25745,0
2025-12-08 00:46:03;25744,25;1;ASK;25744,25;25744,25
2025-12-08 00:46:04;25744,75;2;ASK;25744,75;25744,75
2025-12-08 00:46:08;25746,0;6;ASK;25746,0;25746,0
2025-12-08 00:46:11;25746,25;1;ASK;25746,25;25746,25
2025-12-08 00:46:16;25747,75;1;ASK;25747,75;25747,75
2025-12-08 00:46:17;25747,25;1;ASK;25747,25;25747,25
2025-12-08 00:46:22;25746,25;1;ASK;25746,25;25746,25
2025-12-08 00:46:24;25746,25;1;ASK;25746,25;25746,25
2025-12-08 00:46:25;25746,5;2;ASK;25746,5;25746,5
2025-12-08 00:46:28;25747,25;1;ASK;25747,25;25747,25
2025-12-08 00:46:30;25748,0;1;ASK;25748,0;25748,0
2025-12-08 00:46:32;25748,75;1;ASK;25748,75;25748,75
2025-12-08 00:46:33;25749,25;1;ASK;25749,25;25749,25
2025-12-08 00:46:36;25748,0;1;ASK;25748,0;25748,0
2025-12-08 00:46:37;25749,0;1;ASK;25749,0;25749,0
2025-12-08 00:46:43;25749,0;1;ASK;25749,0;25749,0
2025-12-08 00:46:52;25747,75;1;ASK;25747,75;25747,75
2025-12-08 00:47:03;25749,5;4;ASK;25749,5;25749,5
2025-12-08 00:47:04;25750,75;6;ASK;25750,75;25750,75
2025-12-08 00:47:07;25750,75;2;ASK;25750,75;25750,75
2025-12-08 00:47:08;25751,5;2;ASK;25751,5;25751,5
2025-12-08 00:47:09;25751,5;2;ASK;25751,5;25751,5
2025-12-08 00:47:11;25749,5;3;ASK;25749,5;25749,5
2025-12-08 00:47:12;25750,25;2;ASK;25750,25;25750,25
2025-12-08 00:47:21;25750,5;1;ASK;25750,5;25750,5
2025-12-08 00:47:27;25751,0;1;ASK;25751,0;25751,0
2025-12-08 00:47:28;25749,5;4;ASK;25749,5;25749,5
2025-12-08 00:47:40;25750,5;1;ASK;25750,5;25750,5
2025-12-08 00:47:49;25749,0;4;ASK;25749,0;25749,0
2025-12-08 00:47:57;25749,75;1;ASK;25749,75;25749,75
2025-12-08 00:48:18;25751,0;3;ASK;25751,0;25751,0
2025-12-08 00:48:29;25750,75;1;ASK;25750,75;25750,75
2025-12-08 00:48:30;25749,75;1;ASK;25749,75;25749,75
2025-12-08 00:48:34;25749,5;2;ASK;25749,5;25749,5
2025-12-08 00:48:58;25749,5;2;ASK;25749,5;25749,5
2025-12-08 00:48:59;25750,0;1;ASK;25750,0;25750,0
2025-12-08 00:49:04;25750,75;1;ASK;25750,75;25750,75
2025-12-08 00:49:08;25749,5;1;ASK;25749,5;25749,5
2025-12-08 00:49:11;25748,75;1;ASK;25748,75;25748,75
2025-12-08 00:49:24;25750,0;1;ASK;25750,0;25750,0
2025-12-08 00:49:37;25749,75;1;ASK;25749,75;25749,75
2025-12-08 00:49:53;25750,0;1;ASK;25750,0;25750,0
2025-12-08 00:50:00;25749,0;9;ASK;25749,0;25749,0
2025-12-08 00:50:03;25747,25;2;ASK;25747,25;25747,25
2025-12-08 00:50:17;25748,25;2;ASK;25748,25;25748,25
2025-12-08 00:50:23;25747,0;2;ASK;25747,0;25747,0
2025-12-08 00:50:24;25748,0;1;ASK;25748,0;25748,0
2025-12-08 00:50:25;25747,0;1;ASK;25747,0;25747,0
2025-12-08 00:50:37;25749,5;5;ASK;25749,5;25749,5
2025-12-08 00:50:48;25750,5;1;ASK;25750,5;25750,5
2025-12-08 00:50:57;25750,25;1;ASK;25750,25;25750,25
2025-12-08 00:51:00;25750,5;1;ASK;25750,5;25750,5
2025-12-08 00:51:01;25749,25;1;ASK;25749,25;25749,25
2025-12-08 00:51:14;25749,25;1;ASK;25749,25;25749,25
2025-12-08 00:51:17;25749,75;1;ASK;25749,75;25749,75
2025-12-08 00:51:34;25751,75;3;ASK;25751,75;25751,75
2025-12-08 00:51:36;25751,25;1;ASK;25751,25;25751,25
2025-12-08 00:51:37;25751,25;1;ASK;25751,25;25751,25
2025-12-08 00:51:39;25751,25;1;ASK;25751,25;25751,25
2025-12-08 00:51:41;25752,0;4;ASK;25752,0;25752,0
2025-12-08 00:51:51;25752,0;1;ASK;25752,0;25752,0
2025-12-08 00:51:58;25751,0;1;ASK;25751,0;25751,0
2025-12-08 00:52:03;25750,5;1;ASK;25750,5;25750,5
2025-12-08 00:52:12;25747,25;11;ASK;25747,25;25747,25
2025-12-08 00:52:15;25748,25;4;ASK;25748,25;25748,25
2025-12-08 00:52:20;25748,0;2;ASK;25748,0;25748,0
2025-12-08 00:52:31;25748,5;2;ASK;25748,5;25748,5
2025-12-08 00:52:33;25747,5;1;ASK;25747,5;25747,5
2025-12-08 00:52:34;25747,75;1;ASK;25747,75;25747,75
2025-12-08 00:52:35;25748,0;1;ASK;25748,0;25748,0
2025-12-08 00:52:39;25749,25;3;ASK;25749,25;25749,25
2025-12-08 00:52:40;25749,25;1;ASK;25749,25;25749,25
2025-12-08 00:52:44;25749,25;1;ASK;25749,25;25749,25
2025-12-08 00:52:45;25750,0;1;ASK;25750,0;25750,0
2025-12-08 00:52:47;25749,0;6;ASK;25749,0;25749,0
2025-12-08 00:53:14;25749,5;5;ASK;25749,5;25749,5
2025-12-08 00:53:17;25749,75;1;ASK;25749,75;25749,75
2025-12-08 00:53:20;25750,5;1;ASK;25750,5;25750,5
2025-12-08 00:53:21;25750,75;1;ASK;25750,75;25750,75
2025-12-08 00:53:34;25750,75;3;ASK;25750,75;25750,75
2025-12-08 00:53:36;25750,75;2;ASK;25750,75;25750,75
2025-12-08 00:53:37;25749,75;1;ASK;25749,75;25749,75
2025-12-08 00:53:40;25749,75;1;ASK;25749,75;25749,75
2025-12-08 00:53:42;25749,0;3;ASK;25749,0;25749,0
2025-12-08 00:53:48;25750,25;1;ASK;25750,25;25750,25
2025-12-08 00:53:50;25749,25;1;ASK;25749,25;25749,25
2025-12-08 00:53:57;25750,0;1;ASK;25750,0;25750,0
2025-12-08 00:54:04;25750,0;1;ASK;25750,0;25750,0
2025-12-08 00:54:11;25752,0;11;ASK;25752,0;25752,0
2025-12-08 00:54:12;25752,0;1;ASK;25752,0;25752,0
2025-12-08 00:54:13;25751,25;1;ASK;25751,25;25751,25
2025-12-08 00:54:14;25750,5;1;ASK;25750,5;25750,5
2025-12-08 00:54:28;25748,75;5;ASK;25748,75;25748,75
2025-12-08 00:54:34;25750,0;1;ASK;25750,0;25750,0
2025-12-08 00:54:36;25749,5;1;ASK;25749,5;25749,5
2025-12-08 00:55:06;25749,75;1;ASK;25749,75;25749,75
2025-12-08 00:55:11;25751,25;1;ASK;25751,25;25751,25
2025-12-08 00:55:16;25751,75;18;ASK;25751,75;25751,75
2025-12-08 00:55:23;25751,75;2;ASK;25751,75;25751,75
2025-12-08 00:55:25;25752,5;1;ASK;25752,5;25752,5
2025-12-08 00:55:27;25752,25;1;ASK;25752,25;25752,25
2025-12-08 00:55:31;25752,0;1;ASK;25752,0;25752,0
2025-12-08 00:55:38;25752,5;8;ASK;25752,5;25752,5
2025-12-08 00:55:39;25753,25;6;ASK;25753,25;25753,25
2025-12-08 00:55:43;25752,25;1;ASK;25752,25;25752,25
2025-12-08 00:55:47;25752,0;1;ASK;25752,0;25752,0
2025-12-08 00:55:55;25751,75;1;ASK;25751,75;25751,75
2025-12-08 00:56:00;25750,75;3;ASK;25750,75;25750,75
2025-12-08 00:56:02;25751,0;1;ASK;25751,0;25751,0
2025-12-08 00:56:08;25752,25;2;ASK;25752,25;25752,25
2025-12-08 00:56:09;25751,0;1;ASK;25751,0;25751,0
2025-12-08 00:56:14;25750,0;3;ASK;25750,0;25750,0
2025-12-08 00:56:38;25750,0;1;ASK;25750,0;25750,0
2025-12-08 00:56:41;25749,25;2;ASK;25749,25;25749,25
2025-12-08 00:56:46;25748,5;2;ASK;25748,5;25748,5
2025-12-08 00:56:47;25749,0;2;ASK;25749,0;25749,0
2025-12-08 00:56:49;25747,25;19;ASK;25747,25;25747,25
2025-12-08 00:56:55;25747,75;1;ASK;25747,75;25747,75
2025-12-08 00:56:57;25746,75;1;ASK;25746,75;25746,75
2025-12-08 00:57:04;25745,0;10;ASK;25745,0;25745,0
2025-12-08 00:57:05;25744,5;10;ASK;25744,5;25744,5
2025-12-08 00:57:07;25744,0;4;ASK;25744,0;25744,0
2025-12-08 00:57:09;25743,75;2;ASK;25743,75;25743,75
2025-12-08 00:57:10;25743,75;1;ASK;25743,75;25743,75
2025-12-08 00:57:17;25743,0;3;ASK;25743,0;25743,0
2025-12-08 00:57:18;25744,0;1;ASK;25744,0;25744,0
2025-12-08 00:57:20;25745,0;14;ASK;25745,0;25745,0
2025-12-08 00:57:21;25744,25;3;ASK;25744,25;25744,25
2025-12-08 00:57:23;25745,25;3;ASK;25745,25;25745,25
2025-12-08 00:57:25;25744,75;1;ASK;25744,75;25744,75
2025-12-08 00:57:27;25745,5;1;ASK;25745,5;25745,5
2025-12-08 00:57:32;25746,25;1;ASK;25746,25;25746,25
2025-12-08 00:57:33;25745,25;2;ASK;25745,25;25745,25
2025-12-08 00:57:36;25744,25;1;ASK;25744,25;25744,25
2025-12-08 00:57:41;25744,25;1;ASK;25744,25;25744,25
2025-12-08 00:57:46;25746,0;1;ASK;25746,0;25746,0
2025-12-08 00:57:49;25746,75;6;ASK;25746,75;25746,75
2025-12-08 00:57:53;25745,75;1;ASK;25745,75;25745,75
2025-12-08 00:57:55;25745,75;1;ASK;25745,75;25745,75
2025-12-08 00:57:57;25746,0;1;ASK;25746,0;25746,0
2025-12-08 00:57:58;25746,75;1;ASK;25746,75;25746,75
2025-12-08 00:58:01;25746,25;1;ASK;25746,25;25746,25
2025-12-08 00:58:09;25745,0;1;ASK;25745,0;25745,0
2025-12-08 00:58:19;25745,0;3;ASK;25745,0;25745,0
2025-12-08 00:58:22;25745,5;1;ASK;25745,5;25745,5
2025-12-08 00:58:28;25746,5;1;ASK;25746,5;25746,5
2025-12-08 00:58:30;25746,75;1;ASK;25746,75;25746,75
2025-12-08 00:58:32;25747,25;2;ASK;25747,25;25747,25
2025-12-08 00:58:36;25746,0;1;ASK;25746,0;25746,0
2025-12-08 00:58:42;25745,5;2;ASK;25745,5;25745,5
2025-12-08 00:58:48;25746,75;5;ASK;25746,75;25746,75
2025-12-08 00:58:49;25746,25;1;ASK;25746,25;25746,25
2025-12-08 00:58:53;25745,0;1;ASK;25745,0;25745,0
2025-12-08 00:59:04;25744,75;5;ASK;25744,75;25744,75
2025-12-08 00:59:05;25743,5;1;ASK;25743,5;25743,5
2025-12-08 00:59:12;25744,0;2;ASK;25744,0;25744,0
2025-12-08 00:59:20;25744,25;1;ASK;25744,25;25744,25
2025-12-08 00:59:22;25744,5;1;ASK;25744,5;25744,5
2025-12-08 00:59:44;25747,0;6;ASK;25747,0;25747,0
2025-12-08 00:59:46;25746,0;2;ASK;25746,0;25746,0
2025-12-08 00:59:47;25747,0;1;ASK;25747,0;25747,0
2025-12-08 00:59:48;25747,0;1;ASK;25747,0;25747,0
2025-12-08 00:59:52;25746,0;2;ASK;25746,0;25746,0
2025-12-08 00:59:53;25745,0;3;ASK;25745,0;25745,0
2025-12-08 00:59:56;25746,5;1;ASK;25746,5;25746,5
2025-12-08 01:00:01;25746,5;10;ASK;25746,5;25746,5
2025-12-08 01:00:02;25745,75;1;ASK;25745,75;25745,75
2025-12-08 01:00:05;25745,25;7;ASK;25745,25;25745,25
2025-12-08 01:00:06;25744,0;2;ASK;25744,0;25744,0
2025-12-08 01:00:07;25743,25;9;ASK;25743,25;25743,25
2025-12-08 01:00:08;25741,75;10;ASK;25741,75;25741,75
2025-12-08 01:00:09;25741,0;1;ASK;25741,0;25741,0
2025-12-08 01:00:11;25739,5;10;ASK;25739,5;25739,5
2025-12-08 01:00:12;25740,0;3;ASK;25740,0;25740,0
2025-12-08 01:00:13;25739,25;2;ASK;25739,25;25739,25
2025-12-08 01:00:15;25739,75;5;ASK;25739,75;25739,75
2025-12-08 01:00:17;25739,75;2;ASK;25739,75;25739,75
2025-12-08 01:00:20;25738,5;10;ASK;25738,5;25738,5
2025-12-08 01:00:21;25739,25;1;ASK;25739,25;25739,25
2025-12-08 01:00:22;25738,5;1;ASK;25738,5;25738,5
2025-12-08 01:00:25;25737,75;2;ASK;25737,75;25737,75
2025-12-08 01:00:26;25737,0;8;ASK;25737,0;25737,0
2025-12-08 01:00:27;25737,5;1;ASK;25737,5;25737,5
2025-12-08 01:00:29;25737,25;1;ASK;25737,25;25737,25
2025-12-08 01:00:31;25736,75;9;ASK;25736,75;25736,75
2025-12-08 01:00:32;25735,0;13;ASK;25735,0;25735,0
2025-12-08 01:00:33;25735,75;4;ASK;25735,75;25735,75
2025-12-08 01:00:34;25734,0;5;ASK;25734,0;25734,0
2025-12-08 01:00:35;25730,75;18;ASK;25730,75;25730,75
2025-12-08 01:00:36;25731,5;10;ASK;25731,5;25731,5
2025-12-08 01:00:37;25731,75;10;ASK;25731,75;25731,75
2025-12-08 01:00:38;25731,25;1;ASK;25731,25;25731,25
2025-12-08 01:00:39;25730,0;5;ASK;25730,0;25730,0
2025-12-08 01:00:40;25728,25;9;ASK;25728,25;25728,25
2025-12-08 01:00:43;25730,0;4;ASK;25730,0;25730,0
2025-12-08 01:00:44;25729,0;4;ASK;25729,0;25729,0
2025-12-08 01:00:46;25730,0;1;ASK;25730,0;25730,0
2025-12-08 01:00:47;25729,25;1;ASK;25729,25;25729,25
2025-12-08 01:00:48;25730,0;10;ASK;25730,0;25730,0
2025-12-08 01:00:49;25732,25;3;ASK;25732,25;25732,25
2025-12-08 01:00:50;25731,75;11;ASK;25731,75;25731,75
2025-12-08 01:00:51;25733,25;5;ASK;25733,25;25733,25
2025-12-08 01:00:53;25731,5;2;ASK;25731,5;25731,5
2025-12-08 01:00:54;25730,5;1;ASK;25730,5;25730,5
2025-12-08 01:00:55;25732,0;6;ASK;25732,0;25732,0
2025-12-08 01:00:56;25730,75;9;ASK;25730,75;25730,75
2025-12-08 01:01:00;25730,25;19;ASK;25730,25;25730,25
2025-12-08 01:01:01;25730,25;3;ASK;25730,25;25730,25
2025-12-08 01:01:02;25729,0;5;ASK;25729,0;25729,0
2025-12-08 01:01:03;25727,0;16;ASK;25727,0;25727,0
2025-12-08 01:01:04;25724,5;46;ASK;25724,5;25724,5
2025-12-08 01:01:05;25724,25;11;ASK;25724,25;25724,25
2025-12-08 01:01:06;25721,5;19;ASK;25721,5;25721,5
2025-12-08 01:01:07;25723,5;5;ASK;25723,5;25723,5
2025-12-08 01:01:08;25723,5;2;ASK;25723,5;25723,5
2025-12-08 01:01:09;25723,25;5;ASK;25723,25;25723,25
2025-12-08 01:01:10;25724,0;5;ASK;25724,0;25724,0
2025-12-08 01:01:12;25722,5;2;ASK;25722,5;25722,5
2025-12-08 01:01:14;25718,5;56;ASK;25718,5;25718,5
2025-12-08 01:01:15;25718,0;1;ASK;25718,0;25718,0
2025-12-08 01:01:16;25717,0;25;ASK;25717,0;25717,0
2025-12-08 01:01:17;25713,0;34;ASK;25713,0;25713,0
2025-12-08 01:01:18;25713,75;4;ASK;25713,75;25713,75
2025-12-08 01:01:19;25711,25;7;ASK;25711,25;25711,25
2025-12-08 01:01:20;25710,0;19;ASK;25710,0;25710,0
2025-12-08 01:01:21;25710,0;11;ASK;25710,0;25710,0
2025-12-08 01:01:23;25710,0;6;ASK;25710,0;25710,0
2025-12-08 01:01:24;25709,75;16;ASK;25709,75;25709,75
2025-12-08 01:01:25;25712,0;6;ASK;25712,0;25712,0
2025-12-08 01:01:27;25711,5;5;ASK;25711,5;25711,5
2025-12-08 01:01:28;25712,5;7;ASK;25712,5;25712,5
2025-12-08 01:01:29;25713,5;4;ASK;25713,5;25713,5
2025-12-08 01:01:30;25715,5;7;ASK;25715,5;25715,5
2025-12-08 01:01:31;25717,75;12;ASK;25717,75;25717,75
2025-12-08 01:01:32;25716,5;9;ASK;25716,5;25716,5
2025-12-08 01:01:33;25716,5;3;ASK;25716,5;25716,5
2025-12-08 01:01:34;25715,75;1;ASK;25715,75;25715,75
2025-12-08 01:01:35;25717,25;10;ASK;25717,25;25717,25
2025-12-08 01:01:36;25716,75;2;ASK;25716,75;25716,75
2025-12-08 01:01:38;25715,75;1;ASK;25715,75;25715,75
2025-12-08 01:01:39;25716,75;2;ASK;25716,75;25716,75
2025-12-08 01:01:40;25718,75;7;ASK;25718,75;25718,75
2025-12-08 01:01:41;25719,0;6;ASK;25719,0;25719,0
2025-12-08 01:01:42;25718,5;2;ASK;25718,5;25718,5
2025-12-08 01:01:43;25718,25;2;ASK;25718,25;25718,25
2025-12-08 01:01:45;25721,25;22;ASK;25721,25;25721,25
2025-12-08 01:01:46;25721,25;2;ASK;25721,25;25721,25
2025-12-08 01:01:47;25722,25;3;ASK;25722,25;25722,25
2025-12-08 01:01:48;25722,5;3;ASK;25722,5;25722,5
2025-12-08 01:01:49;25722,5;1;ASK;25722,5;25722,5
2025-12-08 01:01:50;25723,5;1;ASK;25723,5;25723,5
2025-12-08 01:01:53;25724,0;3;ASK;25724,0;25724,0
2025-12-08 01:01:55;25723,25;2;ASK;25723,25;25723,25
2025-12-08 01:01:57;25723,0;7;ASK;25723,0;25723,0
2025-12-08 01:01:58;25722,0;2;ASK;25722,0;25722,0
2025-12-08 01:01:59;25722,5;2;ASK;25722,5;25722,5
2025-12-08 01:02:00;25723,0;1;ASK;25723,0;25723,0
2025-12-08 01:02:01;25722,75;2;ASK;25722,75;25722,75
2025-12-08 01:02:02;25721,5;1;ASK;25721,5;25721,5
2025-12-08 01:02:03;25716,25;11;ASK;25716,25;25716,25
2025-12-08 01:02:04;25716,0;2;ASK;25716,0;25716,0
2025-12-08 01:02:06;25717,25;1;ASK;25717,25;25717,25
2025-12-08 01:02:07;25718,25;1;ASK;25718,25;25718,25
2025-12-08 01:02:09;25717,25;3;ASK;25717,25;25717,25
2025-12-08 01:02:10;25718,25;1;ASK;25718,25;25718,25
2025-12-08 01:02:11;25719,75;2;ASK;25719,75;25719,75
2025-12-08 01:02:14;25718,0;1;ASK;25718,0;25718,0
2025-12-08 01:02:15;25717,0;2;ASK;25717,0;25717,0
2025-12-08 01:02:16;25716,25;3;ASK;25716,25;25716,25
2025-12-08 01:02:17;25716,75;1;ASK;25716,75;25716,75
2025-12-08 01:02:19;25716,0;2;ASK;25716,0;25716,0
2025-12-08 01:02:20;25715,5;3;ASK;25715,5;25715,5
2025-12-08 01:02:23;25717,0;2;ASK;25717,0;25717,0
2025-12-08 01:02:24;25717,75;1;ASK;25717,75;25717,75
2025-12-08 01:02:25;25718,5;2;ASK;25718,5;25718,5
2025-12-08 01:02:27;25719,5;2;ASK;25719,5;25719,5
2025-12-08 01:02:30;25719,5;1;ASK;25719,5;25719,5
2025-12-08 01:02:31;25719,5;2;ASK;25719,5;25719,5
2025-12-08 01:02:33;25720,75;2;ASK;25720,75;25720,75
2025-12-08 01:02:35;25723,25;3;ASK;25723,25;25723,25
2025-12-08 01:02:36;25722,75;3;ASK;25722,75;25722,75
2025-12-08 01:02:38;25722,25;1;ASK;25722,25;25722,25
2025-12-08 01:02:41;25722,0;2;ASK;25722,0;25722,0
2025-12-08 01:02:45;25722,75;1;ASK;25722,75;25722,75
2025-12-08 01:02:46;25719,5;7;ASK;25719,5;25719,5
2025-12-08 01:02:47;25719,75;1;ASK;25719,75;25719,75
2025-12-08 01:02:48;25721,0;3;ASK;25721,0;25721,0
2025-12-08 01:02:51;25719,0;2;ASK;25719,0;25719,0
2025-12-08 01:02:52;25718,25;1;ASK;25718,25;25718,25
2025-12-08 01:02:56;25716,75;1;ASK;25716,75;25716,75
2025-12-08 01:03:02;25714,5;7;ASK;25714,5;25714,5
2025-12-08 01:03:03;25712,75;1;ASK;25712,75;25712,75
2025-12-08 01:03:05;25712,25;2;ASK;25712,25;25712,25
2025-12-08 01:03:06;25711,0;3;ASK;25711,0;25711,0
2025-12-08 01:03:08;25714,0;2;ASK;25714,0;25714,0
2025-12-08 01:03:09;25713,0;3;ASK;25713,0;25713,0
2025-12-08 01:03:10;25711,5;2;ASK;25711,5;25711,5
2025-12-08 01:03:11;25711,5;11;ASK;25711,5;25711,5
2025-12-08 01:03:12;25711,25;2;ASK;25711,25;25711,25
2025-12-08 01:03:13;25713,25;4;ASK;25713,25;25713,25
2025-12-08 01:03:16;25713,75;1;ASK;25713,75;25713,75
2025-12-08 01:03:19;25713,0;1;ASK;25713,0;25713,0
2025-12-08 01:03:20;25712,5;1;ASK;25712,5;25712,5
2025-12-08 01:03:21;25712,0;1;ASK;25712,0;25712,0
2025-12-08 01:03:22;25709,25;5;ASK;25709,25;25709,25
2025-12-08 01:03:23;25712,0;12;ASK;25712,0;25712,0
2025-12-08 01:03:27;25712,0;1;ASK;25712,0;25712,0
2025-12-08 01:03:28;25714,25;2;ASK;25714,25;25714,25
2025-12-08 01:03:30;25711,25;9;ASK;25711,25;25711,25
2025-12-08 01:03:31;25711,25;1;ASK;25711,25;25711,25
2025-12-08 01:03:32;25709,5;4;ASK;25709,5;25709,5
2025-12-08 01:03:33;25710,25;2;ASK;25710,25;25710,25
2025-12-08 01:03:38;25711,25;4;ASK;25711,25;25711,25
2025-12-08 01:03:39;25713,25;12;ASK;25713,25;25713,25
2025-12-08 01:03:41;25713,25;4;ASK;25713,25;25713,25
2025-12-08 01:03:42;25713,75;1;ASK;25713,75;25713,75
2025-12-08 01:03:44;25713,0;1;ASK;25713,0;25713,0
2025-12-08 01:03:46;25713,25;2;ASK;25713,25;25713,25
2025-12-08 01:03:47;25714,25;2;ASK;25714,25;25714,25
2025-12-08 01:03:48;25713,75;7;ASK;25713,75;25713,75
2025-12-08 01:03:49;25714,75;1;ASK;25714,75;25714,75
2025-12-08 01:03:50;25714,75;6;ASK;25714,75;25714,75
2025-12-08 01:03:51;25715,75;3;ASK;25715,75;25715,75
2025-12-08 01:03:52;25715,75;1;ASK;25715,75;25715,75
2025-12-08 01:03:53;25716,5;2;ASK;25716,5;25716,5
2025-12-08 01:03:54;25716,75;3;ASK;25716,75;25716,75
2025-12-08 01:03:57;25716,0;2;ASK;25716,0;25716,0
2025-12-08 01:03:59;25716,75;1;ASK;25716,75;25716,75
2025-12-08 01:04:01;25718,5;2;ASK;25718,5;25718,5
2025-12-08 01:04:02;25719,75;1;ASK;25719,75;25719,75
2025-12-08 01:04:03;25717,25;6;ASK;25717,25;25717,25
2025-12-08 01:04:04;25716,5;2;ASK;25716,5;25716,5
2025-12-08 01:04:05;25715,25;3;ASK;25715,25;25715,25
2025-12-08 01:04:08;25715,25;1;ASK;25715,25;25715,25
2025-12-08 01:04:12;25718,0;3;ASK;25718,0;25718,0
2025-12-08 01:04:13;25720,5;4;ASK;25720,5;25720,5
2025-12-08 01:04:14;25720,75;2;ASK;25720,75;25720,75
2025-12-08 01:04:15;25719,5;3;ASK;25719,5;25719,5
2025-12-08 01:04:16;25717,5;1;ASK;25717,5;25717,5
2025-12-08 01:04:17;25717,0;2;ASK;25717,0;25717,0
2025-12-08 01:04:18;25717,5;3;ASK;25717,5;25717,5
2025-12-08 01:04:19;25718,25;3;ASK;25718,25;25718,25
2025-12-08 01:04:20;25719,25;2;ASK;25719,25;25719,25
2025-12-08 01:04:21;25719,5;8;ASK;25719,5;25719,5
2025-12-08 01:04:23;25722,5;5;ASK;25722,5;25722,5
2025-12-08 01:04:25;25723,25;3;ASK;25723,25;25723,25
2025-12-08 01:04:26;25721,75;2;ASK;25721,75;25721,75
2025-12-08 01:04:27;25720,75;1;ASK;25720,75;25720,75
2025-12-08 01:04:29;25720,0;1;ASK;25720,0;25720,0
2025-12-08 01:04:31;25718,25;3;ASK;25718,25;25718,25
2025-12-08 01:04:34;25717,0;4;ASK;25717,0;25717,0
2025-12-08 01:04:35;25719,0;5;ASK;25719,0;25719,0
2025-12-08 01:04:38;25720,0;1;ASK;25720,0;25720,0
2025-12-08 01:04:41;25718,0;1;ASK;25718,0;25718,0
2025-12-08 01:04:43;25720,25;5;ASK;25720,25;25720,25
2025-12-08 01:04:48;25718,0;1;ASK;25718,0;25718,0
2025-12-08 01:04:49;25721,25;6;ASK;25721,25;25721,25
2025-12-08 01:04:51;25719,75;1;ASK;25719,75;25719,75
2025-12-08 01:04:54;25719,25;1;ASK;25719,25;25719,25
2025-12-08 01:04:55;25718,75;1;ASK;25718,75;25718,75
2025-12-08 01:04:57;25720,25;4;ASK;25720,25;25720,25
2025-12-08 01:05:03;25716,0;8;ASK;25716,0;25716,0
2025-12-08 01:05:05;25715,75;2;ASK;25715,75;25715,75
2025-12-08 01:05:09;25717,25;3;ASK;25717,25;25717,25
2025-12-08 01:05:10;25719,25;4;ASK;25719,25;25719,25
2025-12-08 01:05:11;25719,0;1;ASK;25719,0;25719,0
2025-12-08 01:05:13;25716,0;2;ASK;25716,0;25716,0
2025-12-08 01:05:19;25716,0;2;ASK;25716,0;25716,0
2025-12-08 01:05:20;25717,0;1;ASK;25717,0;25717,0
2025-12-08 01:05:27;25713,25;10;ASK;25713,25;25713,25
2025-12-08 01:05:28;25712,75;2;ASK;25712,75;25712,75
2025-12-08 01:05:29;25712,25;1;ASK;25712,25;25712,25
2025-12-08 01:05:30;25715,0;4;ASK;25715,0;25715,0
2025-12-08 01:05:31;25715,25;1;ASK;25715,25;25715,25
2025-12-08 01:05:32;25715,5;2;ASK;25715,5;25715,5
2025-12-08 01:05:38;25715,25;2;ASK;25715,25;25715,25
2025-12-08 01:05:39;25716,75;5;ASK;25716,75;25716,75
2025-12-08 01:05:51;25716,5;5;ASK;25716,5;25716,5
2025-12-08 01:05:53;25714,75;1;ASK;25714,75;25714,75
2025-12-08 01:05:55;25717,25;1;ASK;25717,25;25717,25
2025-12-08 01:05:56;25716,25;1;ASK;25716,25;25716,25
2025-12-08 01:05:58;25718,0;7;ASK;25718,0;25718,0
2025-12-08 01:05:59;25718,5;4;ASK;25718,5;25718,5
2025-12-08 01:06:00;25719,0;2;ASK;25719,0;25719,0
2025-12-08 01:06:01;25717,25;1;ASK;25717,25;25717,25
2025-12-08 01:06:03;25715,0;3;ASK;25715,0;25715,0
2025-12-08 01:06:05;25715,0;4;ASK;25715,0;25715,0
2025-12-08 01:06:06;25716,25;1;ASK;25716,25;25716,25
2025-12-08 01:06:07;25716,75;4;ASK;25716,75;25716,75
2025-12-08 01:06:10;25715,5;1;ASK;25715,5;25715,5
2025-12-08 01:06:11;25713,5;10;ASK;25713,5;25713,5
2025-12-08 01:06:12;25714,25;2;ASK;25714,25;25714,25
2025-12-08 01:06:13;25714,0;3;ASK;25714,0;25714,0
2025-12-08 01:06:14;25713,5;1;ASK;25713,5;25713,5
2025-12-08 01:06:17;25714,25;1;ASK;25714,25;25714,25
2025-12-08 01:06:18;25715,0;2;ASK;25715,0;25715,0
2025-12-08 01:06:19;25714,0;2;ASK;25714,0;25714,0
2025-12-08 01:06:20;25715,25;1;ASK;25715,25;25715,25
2025-12-08 01:06:22;25715,5;1;ASK;25715,5;25715,5
2025-12-08 01:06:25;25715,5;4;ASK;25715,5;25715,5
2025-12-08 01:06:26;25715,5;1;ASK;25715,5;25715,5
2025-12-08 01:06:29;25714,0;4;ASK;25714,0;25714,0
2025-12-08 01:06:34;25716,75;2;ASK;25716,75;25716,75
2025-12-08 01:06:38;25718,0;3;ASK;25718,0;25718,0
2025-12-08 01:06:40;25719,75;2;ASK;25719,75;25719,75
2025-12-08 01:06:41;25720,0;2;ASK;25720,0;25720,0
2025-12-08 01:06:42;25720,0;2;ASK;25720,0;25720,0
2025-12-08 01:06:43;25720,75;5;ASK;25720,75;25720,75
2025-12-08 01:06:49;25719,75;27;ASK;25719,75;25719,75
2025-12-08 01:06:52;25719,75;1;ASK;25719,75;25719,75
2025-12-08 01:06:53;25720,25;1;ASK;25720,25;25720,25
2025-12-08 01:06:55;25719,5;2;ASK;25719,5;25719,5
2025-12-08 01:06:56;25718,75;1;ASK;25718,75;25718,75
2025-12-08 01:06:58;25718,0;1;ASK;25718,0;25718,0
2025-12-08 01:07:00;25719,0;2;ASK;25719,0;25719,0
2025-12-08 01:07:01;25717,75;1;ASK;25717,75;25717,75
2025-12-08 01:07:02;25717,75;1;ASK;25717,75;25717,75
2025-12-08 01:07:03;25718,0;1;ASK;25718,0;25718,0
2025-12-08 01:07:05;25716,75;23;ASK;25716,75;25716,75
2025-12-08 01:07:06;25714,0;12;ASK;25714,0;25714,0
2025-12-08 01:07:07;25713,75;4;ASK;25713,75;25713,75
2025-12-08 01:07:09;25715,5;3;ASK;25715,5;25715,5
2025-12-08 01:07:10;25716,25;1;ASK;25716,25;25716,25
2025-12-08 01:07:14;25716,25;2;ASK;25716,25;25716,25
2025-12-08 01:07:18;25714,0;6;ASK;25714,0;25714,0
2025-12-08 01:07:23;25715,0;1;ASK;25715,0;25715,0
2025-12-08 01:07:24;25713,75;2;ASK;25713,75;25713,75
2025-12-08 01:07:25;25713,0;4;ASK;25713,0;25713,0
2025-12-08 01:07:27;25713,0;1;ASK;25713,0;25713,0
2025-12-08 01:07:28;25713,5;2;ASK;25713,5;25713,5
2025-12-08 01:07:30;25711,25;11;ASK;25711,25;25711,25
2025-12-08 01:07:33;25713,25;2;ASK;25713,25;25713,25
2025-12-08 01:07:37;25713,25;1;ASK;25713,25;25713,25
2025-12-08 01:07:40;25713,5;1;ASK;25713,5;25713,5
2025-12-08 01:07:41;25713,5;1;ASK;25713,5;25713,5
2025-12-08 01:07:43;25712,0;4;ASK;25712,0;25712,0
2025-12-08 01:07:44;25711,75;1;ASK;25711,75;25711,75
2025-12-08 01:07:45;25714,0;3;ASK;25714,0;25714,0
2025-12-08 01:07:47;25713,75;2;ASK;25713,75;25713,75
2025-12-08 01:07:49;25714,0;1;ASK;25714,0;25714,0
2025-12-08 01:07:56;25712,75;1;ASK;25712,75;25712,75
2025-12-08 01:07:57;25714,0;6;ASK;25714,0;25714,0
2025-12-08 01:08:02;25714,0;1;ASK;25714,0;25714,0
2025-12-08 01:08:06;25710,5;2;ASK;25710,5;25710,5
2025-12-08 01:08:08;25710,75;2;ASK;25710,75;25710,75
2025-12-08 01:08:09;25710,0;7;ASK;25710,0;25710,0
2025-12-08 01:08:10;25711,5;1;ASK;25711,5;25711,5
2025-12-08 01:08:12;25712,0;1;ASK;25712,0;25712,0
2025-12-08 01:08:13;25709,25;8;ASK;25709,25;25709,25
2025-12-08 01:08:14;25709,0;8;ASK;25709,0;25709,0
2025-12-08 01:08:17;25710,0;1;ASK;25710,0;25710,0
2025-12-08 01:08:18;25709,0;1;ASK;25709,0;25709,0
2025-12-08 01:08:19;25711,25;1;ASK;25711,25;25711,25
2025-12-08 01:08:20;25712,75;3;ASK;25712,75;25712,75
2025-12-08 01:08:21;25715,0;3;ASK;25715,0;25715,0
2025-12-08 01:08:22;25716,5;5;ASK;25716,5;25716,5
2025-12-08 01:08:25;25713,75;2;ASK;25713,75;25713,75
2025-12-08 01:08:27;25715,0;2;ASK;25715,0;25715,0
2025-12-08 01:08:30;25714,25;1;ASK;25714,25;25714,25
2025-12-08 01:08:32;25714,25;2;ASK;25714,25;25714,25
2025-12-08 01:08:50;25713,25;1;ASK;25713,25;25713,25
2025-12-08 01:08:53;25714,25;1;ASK;25714,25;25714,25
2025-12-08 01:08:55;25711,5;3;ASK;25711,5;25711,5
2025-12-08 01:08:56;25711,5;2;ASK;25711,5;25711,5
2025-12-08 01:08:57;25711,75;1;ASK;25711,75;25711,75
2025-12-08 01:09:03;25714,5;1;ASK;25714,5;25714,5
2025-12-08 01:09:05;25714,5;1;ASK;25714,5;25714,5
2025-12-08 01:09:07;25712,75;1;ASK;25712,75;25712,75
2025-12-08 01:09:09;25712,75;5;ASK;25712,75;25712,75
2025-12-08 01:09:15;25711,25;2;ASK;25711,25;25711,25
2025-12-08 01:09:16;25710,5;4;ASK;25710,5;25710,5
2025-12-08 01:09:23;25710,75;2;ASK;25710,75;25710,75
2025-12-08 01:09:24;25712,75;11;ASK;25712,75;25712,75
2025-12-08 01:09:25;25713,25;2;ASK;25713,25;25713,25
2025-12-08 01:09:28;25712,5;1;ASK;25712,5;25712,5
2025-12-08 01:09:33;25712,75;3;ASK;25712,75;25712,75
2025-12-08 01:09:39;25711,75;1;ASK;25711,75;25711,75
2025-12-08 01:09:41;25712,0;2;ASK;25712,0;25712,0
2025-12-08 01:09:42;25711,75;1;ASK;25711,75;25711,75
2025-12-08 01:09:47;25712,5;1;ASK;25712,5;25712,5
2025-12-08 01:09:48;25711,0;1;ASK;25711,0;25711,0
2025-12-08 01:09:51;25712,0;2;ASK;25712,0;25712,0
2025-12-08 01:09:59;25711,75;1;ASK;25711,75;25711,75
2025-12-08 01:10:04;25708,25;14;ASK;25708,25;25708,25
2025-12-08 01:10:09;25708,25;2;ASK;25708,25;25708,25
2025-12-08 01:10:10;25708,5;1;ASK;25708,5;25708,5
2025-12-08 01:10:11;25708,25;1;ASK;25708,25;25708,25
2025-12-08 01:10:12;25705,5;23;ASK;25705,5;25705,5
2025-12-08 01:10:13;25707,5;4;ASK;25707,5;25707,5
2025-12-08 01:10:14;25707,5;3;ASK;25707,5;25707,5
2025-12-08 01:10:15;25708,25;4;ASK;25708,25;25708,25
2025-12-08 01:10:18;25705,0;22;ASK;25705,0;25705,0
2025-12-08 01:10:19;25704,25;7;ASK;25704,25;25704,25
2025-12-08 01:10:20;25704,25;4;ASK;25704,25;25704,25
2025-12-08 01:10:21;25702,0;5;ASK;25702,0;25702,0
2025-12-08 01:10:22;25702,5;2;ASK;25702,5;25702,5
2025-12-08 01:10:23;25702,75;2;ASK;25702,75;25702,75
2025-12-08 01:10:24;25704,75;1;ASK;25704,75;25704,75
2025-12-08 01:10:27;25706,0;3;ASK;25706,0;25706,0
2025-12-08 01:10:28;25706,25;1;ASK;25706,25;25706,25
2025-12-08 01:10:29;25708,75;3;ASK;25708,75;25708,75
2025-12-08 01:10:30;25708,25;8;ASK;25708,25;25708,25
2025-12-08 01:10:31;25708,5;1;ASK;25708,5;25708,5
2025-12-08 01:10:37;25707,5;2;ASK;25707,5;25707,5
2025-12-08 01:10:40;25706,5;2;ASK;25706,5;25706,5
2025-12-08 01:10:41;25707,0;1;ASK;25707,0;25707,0
2025-12-08 01:10:42;25707,25;1;ASK;25707,25;25707,25
2025-12-08 01:10:43;25707,25;2;ASK;25707,25;25707,25
2025-12-08 01:10:45;25708,5;1;ASK;25708,5;25708,5
2025-12-08 01:10:46;25707,25;1;ASK;25707,25;25707,25
2025-12-08 01:10:47;25706,25;1;ASK;25706,25;25706,25
2025-12-08 01:10:48;25707,5;1;ASK;25707,5;25707,5
2025-12-08 01:10:49;25707,75;1;ASK;25707,75;25707,75
2025-12-08 01:10:50;25709,25;25;ASK;25709,25;25709,25
2025-12-08 01:10:51;25707,75;4;ASK;25707,75;25707,75
2025-12-08 01:10:52;25706,5;7;ASK;25706,5;25706,5
2025-12-08 01:10:54;25706,75;1;ASK;25706,75;25706,75
2025-12-08 01:10:55;25706,75;1;ASK;25706,75;25706,75
2025-12-08 01:10:56;25707,0;1;ASK;25707,0;25707,0
2025-12-08 01:10:58;25707,5;3;ASK;25707,5;25707,5
2025-12-08 01:10:59;25708,75;1;ASK;25708,75;25708,75
2025-12-08 01:11:02;25706,5;4;ASK;25706,5;25706,5
2025-12-08 01:11:04;25706,0;1;ASK;25706,0;25706,0
2025-12-08 01:11:05;25705,25;1;ASK;25705,25;25705,25
2025-12-08 01:11:06;25706,75;8;ASK;25706,75;25706,75
2025-12-08 01:11:07;25707,0;1;ASK;25707,0;25707,0
2025-12-08 01:11:09;25706,25;1;ASK;25706,25;25706,25
2025-12-08 01:11:13;25706,75;2;ASK;25706,75;25706,75
2025-12-08 01:11:14;25708,75;2;ASK;25708,75;25708,75
2025-12-08 01:11:16;25709,0;1;ASK;25709,0;25709,0
2025-12-08 01:11:17;25707,25;1;ASK;25707,25;25707,25
2025-12-08 01:11:20;25707,75;2;ASK;25707,75;25707,75
2025-12-08 01:11:22;25707,0;1;ASK;25707,0;25707,0
2025-12-08 01:11:26;25707,25;1;ASK;25707,25;25707,25
2025-12-08 01:11:32;25706,0;1;ASK;25706,0;25706,0
2025-12-08 01:11:33;25704,0;2;ASK;25704,0;25704,0
2025-12-08 01:11:34;25703,75;2;ASK;25703,75;25703,75
2025-12-08 01:11:35;25705,25;5;ASK;25705,25;25705,25
2025-12-08 01:11:36;25706,25;1;ASK;25706,25;25706,25
2025-12-08 01:11:41;25705,75;4;ASK;25705,75;25705,75
2025-12-08 01:11:44;25705,0;1;ASK;25705,0;25705,0
2025-12-08 01:11:48;25705,5;1;ASK;25705,5;25705,5
2025-12-08 01:11:50;25704,25;1;ASK;25704,25;25704,25
2025-12-08 01:11:55;25703,0;1;ASK;25703,0;25703,0
2025-12-08 01:11:57;25700,5;25;ASK;25700,5;25700,5
2025-12-08 01:11:58;25702,0;9;ASK;25702,0;25702,0
2025-12-08 01:11:59;25703,0;2;ASK;25703,0;25703,0
2025-12-08 01:12:00;25701,25;3;ASK;25701,25;25701,25
2025-12-08 01:12:01;25701,75;4;ASK;25701,75;25701,75
2025-12-08 01:12:02;25702,5;6;ASK;25702,5;25702,5
2025-12-08 01:12:03;25703,0;1;ASK;25703,0;25703,0
2025-12-08 01:12:06;25703,0;12;ASK;25703,0;25703,0
2025-12-08 01:12:09;25704,0;1;ASK;25704,0;25704,0
2025-12-08 01:12:10;25704,25;2;ASK;25704,25;25704,25
2025-12-08 01:12:11;25705,0;2;ASK;25705,0;25705,0
2025-12-08 01:12:13;25704,75;1;ASK;25704,75;25704,75
2025-12-08 01:12:15;25705,5;3;ASK;25705,5;25705,5
2025-12-08 01:12:18;25706,0;2;ASK;25706,0;25706,0
2025-12-08 01:12:19;25707,5;9;ASK;25707,5;25707,5
2025-12-08 01:12:20;25708,0;11;ASK;25708,0;25708,0
2025-12-08 01:12:22;25709,25;1;ASK;25709,25;25709,25
2025-12-08 01:12:23;25708,25;3;ASK;25708,25;25708,25
2025-12-08 01:12:24;25707,5;2;ASK;25707,5;25707,5
2025-12-08 01:12:28;25707,0;2;ASK;25707,0;25707,0
2025-12-08 01:12:29;25707,0;1;ASK;25707,0;25707,0
2025-12-08 01:12:30;25705,75;3;ASK;25705,75;25705,75
2025-12-08 01:12:31;25706,0;2;ASK;25706,0;25706,0
2025-12-08 01:12:32;25707,0;3;ASK;25707,0;25707,0
2025-12-08 01:12:37;25706,5;1;ASK;25706,5;25706,5
2025-12-08 01:12:39;25707,0;1;ASK;25707,0;25707,0
2025-12-08 01:12:40;25707,25;2;ASK;25707,25;25707,25
2025-12-08 01:12:42;25708,25;3;ASK;25708,25;25708,25
2025-12-08 01:12:43;25709,25;3;ASK;25709,25;25709,25
2025-12-08 01:12:45;25708,0;1;ASK;25708,0;25708,0
2025-12-08 01:12:47;25707,25;2;ASK;25707,25;25707,25
2025-12-08 01:12:49;25707,25;2;ASK;25707,25;25707,25
2025-12-08 01:12:55;25708,25;1;ASK;25708,25;25708,25
2025-12-08 01:12:57;25707,25;1;ASK;25707,25;25707,25
2025-12-08 01:12:58;25706,75;1;ASK;25706,75;25706,75
2025-12-08 01:12:59;25707,0;1;ASK;25707,0;25707,0
2025-12-08 01:13:01;25708,0;3;ASK;25708,0;25708,0
2025-12-08 01:13:03;25708,75;7;ASK;25708,75;25708,75
2025-12-08 01:13:04;25707,0;5;ASK;25707,0;25707,0
2025-12-08 01:13:05;25706,0;1;ASK;25706,0;25706,0
2025-12-08 01:13:07;25705,75;6;ASK;25705,75;25705,75
2025-12-08 01:13:10;25705,0;2;ASK;25705,0;25705,0
2025-12-08 01:13:11;25706,0;1;ASK;25706,0;25706,0
2025-12-08 01:13:12;25707,25;1;ASK;25707,25;25707,25
2025-12-08 01:13:13;25708,0;1;ASK;25708,0;25708,0
2025-12-08 01:13:14;25707,5;1;ASK;25707,5;25707,5
2025-12-08 01:13:15;25706,5;1;ASK;25706,5;25706,5
2025-12-08 01:13:19;25709,0;1;ASK;25709,0;25709,0
2025-12-08 01:13:22;25708,0;3;ASK;25708,0;25708,0
2025-12-08 01:13:24;25709,0;3;ASK;25709,0;25709,0
2025-12-08 01:13:27;25712,0;28;ASK;25712,0;25712,0
2025-12-08 01:13:28;25710,75;2;ASK;25710,75;25710,75
2025-12-08 01:13:29;25711,25;3;ASK;25711,25;25711,25
2025-12-08 01:13:30;25711,25;1;ASK;25711,25;25711,25
2025-12-08 01:13:31;25710,75;2;ASK;25710,75;25710,75
2025-12-08 01:13:33;25710,75;1;ASK;25710,75;25710,75
2025-12-08 01:13:34;25712,0;1;ASK;25712,0;25712,0
2025-12-08 01:13:36;25711,5;2;ASK;25711,5;25711,5
2025-12-08 01:13:37;25712,5;2;ASK;25712,5;25712,5
2025-12-08 01:13:38;25712,25;2;ASK;25712,25;25712,25
2025-12-08 01:13:39;25712,5;2;ASK;25712,5;25712,5
2025-12-08 01:13:40;25712,0;1;ASK;25712,0;25712,0
2025-12-08 01:13:42;25710,75;4;ASK;25710,75;25710,75
2025-12-08 01:13:47;25710,25;10;ASK;25710,25;25710,25
2025-12-08 01:13:49;25710,25;1;ASK;25710,25;25710,25
2025-12-08 01:13:56;25708,75;3;ASK;25708,75;25708,75
2025-12-08 01:13:57;25709,25;1;ASK;25709,25;25709,25
2025-12-08 01:14:03;25709,75;2;ASK;25709,75;25709,75
2025-12-08 01:14:05;25710,0;1;ASK;25710,0;25710,0
2025-12-08 01:14:09;25709,75;1;ASK;25709,75;25709,75
2025-12-08 01:14:12;25711,5;1;ASK;25711,5;25711,5
2025-12-08 01:14:13;25711,25;1;ASK;25711,25;25711,25
2025-12-08 01:14:14;25712,0;2;ASK;25712,0;25712,0
2025-12-08 01:14:16;25712,25;1;ASK;25712,25;25712,25
2025-12-08 01:14:19;25711,0;1;ASK;25711,0;25711,0
2025-12-08 01:14:23;25713,25;4;ASK;25713,25;25713,25
2025-12-08 01:14:24;25715,0;13;ASK;25715,0;25715,0
2025-12-08 01:14:25;25713,25;1;ASK;25713,25;25713,25
2025-12-08 01:14:27;25715,0;3;ASK;25715,0;25715,0
2025-12-08 01:14:28;25715,5;2;ASK;25715,5;25715,5
2025-12-08 01:14:29;25714,75;2;ASK;25714,75;25714,75
2025-12-08 01:14:30;25714,5;3;ASK;25714,5;25714,5
2025-12-08 01:14:31;25715,75;1;ASK;25715,75;25715,75
2025-12-08 01:14:32;25715,0;1;ASK;25715,0;25715,0
2025-12-08 01:14:34;25715,25;2;ASK;25715,25;25715,25
2025-12-08 01:14:35;25713,25;6;ASK;25713,25;25713,25
2025-12-08 01:14:41;25713,0;1;ASK;25713,0;25713,0
2025-12-08 01:14:47;25712,75;5;ASK;25712,75;25712,75
2025-12-08 01:14:48;25712,5;3;ASK;25712,5;25712,5
2025-12-08 01:14:50;25712,75;6;ASK;25712,75;25712,75
2025-12-08 01:14:52;25713,0;3;ASK;25713,0;25713,0
2025-12-08 01:14:56;25714,0;1;ASK;25714,0;25714,0
2025-12-08 01:14:58;25714,0;2;ASK;25714,0;25714,0
2025-12-08 01:15:02;25714,25;4;ASK;25714,25;25714,25
2025-12-08 01:15:03;25716,5;12;ASK;25716,5;25716,5
2025-12-08 01:15:04;25717,0;1;ASK;25717,0;25717,0
2025-12-08 01:15:05;25716,75;2;ASK;25716,75;25716,75
2025-12-08 01:15:07;25715,75;1;ASK;25715,75;25715,75
2025-12-08 01:15:08;25715,25;2;ASK;25715,25;25715,25
2025-12-08 01:15:09;25715,5;1;ASK;25715,5;25715,5
2025-12-08 01:15:12;25715,25;1;ASK;25715,25;25715,25
2025-12-08 01:15:13;25717,75;19;ASK;25717,75;25717,75
2025-12-08 01:15:14;25719,5;11;ASK;25719,5;25719,5
2025-12-08 01:15:15;25719,25;11;ASK;25719,25;25719,25
2025-12-08 01:15:16;25720,0;6;ASK;25720,0;25720,0
2025-12-08 01:15:17;25718,5;3;ASK;25718,5;25718,5
2025-12-08 01:15:18;25718,0;3;ASK;25718,0;25718,0
2025-12-08 01:15:19;25716,75;3;ASK;25716,75;25716,75
2025-12-08 01:15:20;25717,25;1;ASK;25717,25;25717,25
2025-12-08 01:15:21;25717,0;1;ASK;25717,0;25717,0
2025-12-08 01:15:22;25716,25;2;ASK;25716,25;25716,25
2025-12-08 01:15:23;25716,25;3;ASK;25716,25;25716,25
2025-12-08 01:15:24;25715,75;1;ASK;25715,75;25715,75
2025-12-08 01:15:25;25716,0;2;ASK;25716,0;25716,0
2025-12-08 01:15:26;25714,5;1;ASK;25714,5;25714,5
2025-12-08 01:15:27;25715,25;1;ASK;25715,25;25715,25
2025-12-08 01:15:29;25715,25;26;ASK;25715,25;25715,25
2025-12-08 01:15:32;25714,25;1;ASK;25714,25;25714,25
2025-12-08 01:15:33;25713,75;3;ASK;25713,75;25713,75
2025-12-08 01:15:34;25715,25;1;ASK;25715,25;25715,25
2025-12-08 01:15:42;25718,75;22;ASK;25718,75;25718,75
2025-12-08 01:15:46;25718,5;1;ASK;25718,5;25718,5
2025-12-08 01:15:48;25717,75;1;ASK;25717,75;25717,75
2025-12-08 01:15:55;25714,0;12;ASK;25714,0;25714,0
2025-12-08 01:15:56;25714,5;3;ASK;25714,5;25714,5
2025-12-08 01:15:59;25713,75;2;ASK;25713,75;25713,75
2025-12-08 01:16:03;25715,75;3;ASK;25715,75;25715,75
2025-12-08 01:16:04;25716,25;3;ASK;25716,25;25716,25
2025-12-08 01:16:09;25716,0;1;ASK;25716,0;25716,0
2025-12-08 01:16:10;25715,25;1;ASK;25715,25;25715,25
2025-12-08 01:16:13;25714,75;1;ASK;25714,75;25714,75
2025-12-08 01:16:15;25715,0;1;ASK;25715,0;25715,0
2025-12-08 01:16:16;25713,75;1;ASK;25713,75;25713,75
2025-12-08 01:16:19;25714,75;2;ASK;25714,75;25714,75
2025-12-08 01:16:23;25715,25;3;ASK;25715,25;25715,25
2025-12-08 01:16:25;25714,5;2;ASK;25714,5;25714,5
2025-12-08 01:16:26;25715,0;2;ASK;25715,0;25715,0
2025-12-08 01:16:29;25713,0;3;ASK;25713,0;25713,0
2025-12-08 01:16:30;25712,5;1;ASK;25712,5;25712,5
2025-12-08 01:16:31;25713,0;1;ASK;25713,0;25713,0
2025-12-08 01:16:32;25711,75;4;ASK;25711,75;25711,75
2025-12-08 01:16:33;25712,25;4;ASK;25712,25;25712,25
2025-12-08 01:16:34;25712,25;1;ASK;25712,25;25712,25
2025-12-08 01:16:35;25712,0;1;ASK;25712,0;25712,0
2025-12-08 01:16:37;25711,25;1;ASK;25711,25;25711,25
2025-12-08 01:16:38;25711,25;2;ASK;25711,25;25711,25
2025-12-08 01:16:41;25713,0;3;ASK;25713,0;25713,0
2025-12-08 01:16:44;25711,75;1;ASK;25711,75;25711,75
2025-12-08 01:16:47;25711,0;6;ASK;25711,0;25711,0
2025-12-08 01:16:48;25711,5;1;ASK;25711,5;25711,5
2025-12-08 01:16:49;25711,5;1;ASK;25711,5;25711,5
2025-12-08 01:16:51;25710,75;2;ASK;25710,75;25710,75
2025-12-08 01:16:55;25710,5;2;ASK;25710,5;25710,5
2025-12-08 01:16:56;25711,75;5;ASK;25711,75;25711,75
2025-12-08 01:16:57;25710,75;9;ASK;25710,75;25710,75
2025-12-08 01:16:58;25712,0;5;ASK;25712,0;25712,0
2025-12-08 01:16:59;25713,25;2;ASK;25713,25;25713,25
2025-12-08 01:17:01;25714,0;8;ASK;25714,0;25714,0
2025-12-08 01:17:04;25714,75;3;ASK;25714,75;25714,75
2025-12-08 01:17:05;25714,75;1;ASK;25714,75;25714,75
2025-12-08 01:17:06;25714,25;1;ASK;25714,25;25714,25
2025-12-08 01:17:11;25714,25;1;ASK;25714,25;25714,25
2025-12-08 01:17:13;25715,25;3;ASK;25715,25;25715,25
2025-12-08 01:17:14;25715,5;1;ASK;25715,5;25715,5
2025-12-08 01:17:15;25715,0;1;ASK;25715,0;25715,0
2025-12-08 01:17:16;25714,5;1;ASK;25714,5;25714,5
2025-12-08 01:17:17;25714,75;1;ASK;25714,75;25714,75
2025-12-08 01:17:18;25715,5;1;ASK;25715,5;25715,5
2025-12-08 01:17:21;25714,75;5;ASK;25714,75;25714,75
2025-12-08 01:17:22;25714,0;1;ASK;25714,0;25714,0
2025-12-08 01:17:25;25714,75;2;ASK;25714,75;25714,75
2025-12-08 01:17:28;25716,25;7;ASK;25716,25;25716,25
2025-12-08 01:17:29;25716,0;1;ASK;25716,0;25716,0
2025-12-08 01:17:30;25715,5;3;ASK;25715,5;25715,5
2025-12-08 01:17:34;25714,75;1;ASK;25714,75;25714,75
2025-12-08 01:17:35;25715,75;1;ASK;25715,75;25715,75
2025-12-08 01:17:37;25716,75;6;ASK;25716,75;25716,75
2025-12-08 01:17:38;25715,75;1;ASK;25715,75;25715,75
2025-12-08 01:17:41;25716,0;1;ASK;25716,0;25716,0
2025-12-08 01:17:42;25716,75;1;ASK;25716,75;25716,75
2025-12-08 01:17:44;25717,0;2;ASK;25717,0;25717,0
2025-12-08 01:17:46;25718,5;9;ASK;25718,5;25718,5
2025-12-08 01:17:48;25717,75;2;ASK;25717,75;25717,75
2025-12-08 01:17:52;25718,25;1;ASK;25718,25;25718,25
2025-12-08 01:18:03;25715,5;11;ASK;25715,5;25715,5
2025-12-08 01:18:05;25716,5;2;ASK;25716,5;25716,5
2025-12-08 01:18:06;25718,25;2;ASK;25718,25;25718,25
2025-12-08 01:18:10;25718,5;9;ASK;25718,5;25718,5
2025-12-08 01:18:11;25719,25;2;ASK;25719,25;25719,25
2025-12-08 01:18:12;25720,5;9;ASK;25720,5;25720,5
2025-12-08 01:18:13;25721,5;4;ASK;25721,5;25721,5
2025-12-08 01:18:14;25721,25;2;ASK;25721,25;25721,25
2025-12-08 01:18:15;25722,25;10;ASK;25722,25;25722,25
2025-12-08 01:18:16;25721,75;1;ASK;25721,75;25721,75
2025-12-08 01:18:17;25720,75;8;ASK;25720,75;25720,75
2025-12-08 01:18:18;25720,0;2;ASK;25720,0;25720,0
2025-12-08 01:18:19;25719,75;1;ASK;25719,75;25719,75
2025-12-08 01:18:20;25718,5;4;ASK;25718,5;25718,5
2025-12-08 01:18:22;25718,75;1;ASK;25718,75;25718,75
2025-12-08 01:18:25;25719,25;1;ASK;25719,25;25719,25
2025-12-08 01:18:26;25718,0;6;ASK;25718,0;25718,0
2025-12-08 01:18:27;25720,0;9;ASK;25720,0;25720,0
2025-12-08 01:18:31;25721,0;3;ASK;25721,0;25721,0
2025-12-08 01:18:37;25719,5;7;ASK;25719,5;25719,5
2025-12-08 01:18:39;25719,75;1;ASK;25719,75;25719,75
2025-12-08 01:18:40;25720,25;3;ASK;25720,25;25720,25
2025-12-08 01:18:42;25721,0;1;ASK;25721,0;25721,0
2025-12-08 01:18:44;25721,0;1;ASK;25721,0;25721,0
2025-12-08 01:18:45;25722,25;3;ASK;25722,25;25722,25
2025-12-08 01:18:46;25721,0;1;ASK;25721,0;25721,0
2025-12-08 01:18:49;25719,25;7;ASK;25719,25;25719,25
2025-12-08 01:18:58;25719,75;2;ASK;25719,75;25719,75
2025-12-08 01:19:02;25719,0;2;ASK;25719,0;25719,0
2025-12-08 01:19:03;25719,25;1;ASK;25719,25;25719,25
2025-12-08 01:19:05;25719,25;1;ASK;25719,25;25719,25
2025-12-08 01:19:06;25718,75;1;ASK;25718,75;25718,75
2025-12-08 01:19:07;25718,75;2;ASK;25718,75;25718,75
2025-12-08 01:19:08;25718,25;1;ASK;25718,25;25718,25
2025-12-08 01:19:17;25716,75;2;ASK;25716,75;25716,75
2025-12-08 01:19:18;25715,75;2;ASK;25715,75;25715,75
2025-12-08 01:19:19;25715,75;1;ASK;25715,75;25715,75
2025-12-08 01:19:21;25716,5;9;ASK;25716,5;25716,5
2025-12-08 01:19:22;25716,75;1;ASK;25716,75;25716,75
2025-12-08 01:19:25;25717,0;1;ASK;25717,0;25717,0
2025-12-08 01:19:28;25717,0;1;ASK;25717,0;25717,0
2025-12-08 01:19:30;25715,25;3;ASK;25715,25;25715,25
2025-12-08 01:19:32;25715,0;1;ASK;25715,0;25715,0
2025-12-08 01:19:34;25715,5;3;ASK;25715,5;25715,5
2025-12-08 01:19:38;25714,5;1;ASK;25714,5;25714,5
2025-12-08 01:19:40;25713,75;2;ASK;25713,75;25713,75
2025-12-08 01:19:43;25714,5;1;ASK;25714,5;25714,5
2025-12-08 01:19:51;25717,25;7;ASK;25717,25;25717,25
2025-12-08 01:19:52;25718,0;8;ASK;25718,0;25718,0
2025-12-08 01:19:53;25718,75;1;ASK;25718,75;25718,75
2025-12-08 01:19:56;25718,5;3;ASK;25718,5;25718,5
2025-12-08 01:20:01;25718,75;7;ASK;25718,75;25718,75
2025-12-08 01:20:02;25719,5;2;ASK;25719,5;25719,5
2025-12-08 01:20:03;25718,0;2;ASK;25718,0;25718,0
2025-12-08 01:20:04;25717,75;2;ASK;25717,75;25717,75
2025-12-08 01:20:06;25718,5;3;ASK;25718,5;25718,5
2025-12-08 01:20:08;25719,0;1;ASK;25719,0;25719,0
2025-12-08 01:20:15;25718,0;2;ASK;25718,0;25718,0
2025-12-08 01:20:21;25717,0;1;ASK;25717,0;25717,0
2025-12-08 01:20:23;25716,5;3;ASK;25716,5;25716,5
2025-12-08 01:20:24;25716,25;4;ASK;25716,25;25716,25
2025-12-08 01:20:25;25716,25;1;ASK;25716,25;25716,25
2025-12-08 01:20:28;25717,75;1;ASK;25717,75;25717,75
2025-12-08 01:20:30;25717,75;1;ASK;25717,75;25717,75
2025-12-08 01:20:47;25719,5;1;ASK;25719,5;25719,5
2025-12-08 01:20:48;25720,0;4;ASK;25720,0;25720,0
2025-12-08 01:20:49;25719,25;2;ASK;25719,25;25719,25
2025-12-08 01:21:03;25718,75;1;ASK;25718,75;25718,75
2025-12-08 01:21:05;25718,0;4;ASK;25718,0;25718,0
2025-12-08 01:21:09;25717,5;1;ASK;25717,5;25717,5
2025-12-08 01:21:11;25718,0;1;ASK;25718,0;25718,0
2025-12-08 01:21:14;25718,25;1;ASK;25718,25;25718,25
2025-12-08 01:21:15;25719,25;3;ASK;25719,25;25719,25
2025-12-08 01:21:19;25718,75;2;ASK;25718,75;25718,75
2025-12-08 01:21:31;25719,0;1;ASK;25719,0;25719,0
2025-12-08 01:21:32;25720,0;1;ASK;25720,0;25720,0
2025-12-08 01:21:34;25719,25;1;ASK;25719,25;25719,25
2025-12-08 01:21:38;25720,0;1;ASK;25720,0;25720,0
