timestamp;price;volume;lado;bid;ask
2025-11-27 00:00:00.019;25313,0;6;BID;25320,5;25327,5
2025-11-27 00:00:00.020;25313,0;1;BID;25320,5;25327,5
2025-11-27 00:00:00.020;25312,0;2;BID;25320,5;25327,5
2025-11-27 00:00:00.020;25313,0;1;BID;25320,5;25327,5
2025-11-27 00:00:00.020;25314,0;1;BID;25320,5;25327,5
2025-11-27 00:00:00.020;25316,0;1;BID;25320,5;25327,5
2025-11-27 00:00:00.020;25316,25;1;BID;25320,5;25327,5
2025-11-27 00:00:00.076;25318,5;1;BID;25320,5;25327,5
2025-11-27 00:00:00.216;25317,75;1;BID;25320,5;25327,5
2025-11-27 00:00:00.216;25317,75;1;BID;25320,5;25327,5
2025-11-27 00:00:00.252;25318,75;1;BID;25320,5;25327,5
2025-11-27 00:00:00.260;25319,0;1;BID;25320,5;25327,5
2025-11-27 00:00:00.640;25320,0;1;BID;25320,5;25327,5
2025-11-27 00:00:00.640;25319,0;1;BID;25320,5;25327,5
2025-11-27 00:00:00.800;25324,75;1;ASK;25320,5;25327,5
2025-11-27 00:00:00.800;25324,75;1;ASK;25320,5;25327,5
2025-11-27 00:00:01.088;25327,5;1;ASK;25321,5;25325,75
2025-11-27 00:00:01.100;25322,0;1;BID;25321,5;25325,75
2025-11-27 00:00:01.172;25327,5;1;ASK;25321,5;25325,75
2025-11-27 00:00:01.192;25327,5;1;ASK;25321,5;25325,75
2025-11-27 00:00:01.272;25327,5;1;ASK;25321,5;25325,75
2025-11-27 00:00:01.312;25324,25;1;ASK;25321,5;25325,75
2025-11-27 00:00:01.332;25327,25;1;ASK;25321,5;25325,75
2025-11-27 00:00:01.376;25327,25;1;ASK;25321,5;25325,75
2025-11-27 00:00:01.508;25323,5;1;BID;25321,5;25325,75
2025-11-27 00:00:01.576;25325,75;1;ASK;25321,5;25325,75
2025-11-27 00:00:01.664;25322,25;2;BID;25321,5;25325,75
2025-11-27 00:00:01.796;25323,0;1;BID;25321,5;25325,75
2025-11-27 00:00:01.804;25324,25;1;ASK;25321,5;25325,75
2025-11-27 00:00:01.804;25324,25;1;ASK;25321,5;25325,75
2025-11-27 00:00:02.088;25325,75;1;BID;25327,75;25329,5
2025-11-27 00:00:02.116;25327,5;1;BID;25327,75;25329,5
2025-11-27 00:00:02.332;25327,0;1;BID;25327,75;25329,5
2025-11-27 00:00:02.332;25327,25;1;BID;25327,75;25329,5
2025-11-27 00:00:02.940;25329,25;1;ASK;25327,75;25329,5
2025-11-27 00:00:02.940;25329,25;1;ASK;25327,75;25329,5
2025-11-27 00:00:02.940;25329,5;1;ASK;25327,75;25329,5
2025-11-27 00:00:02.940;25329,5;1;ASK;25327,75;25329,5
2025-11-27 00:00:02.940;25329,5;2;ASK;25327,75;25329,5
2025-11-27 00:00:02.964;25327,75;1;BID;25327,75;25329,5
2025-11-27 00:00:03.396;25329,5;1;ASK;25323,0;25329,25
2025-11-27 00:00:03.720;25326,0;1;BID;25323,0;25329,25
2025-11-27 00:00:04.008;25323,0;1;BID;25323,5;25329,0
2025-11-27 00:00:04.848;25323,25;1;BID;25323,5;25329,0
2025-11-27 00:00:05.264;25328,5;1;ASK;25323,75;25327,75
2025-11-27 00:00:05.400;25323,5;1;BID;25323,75;25327,75
2025-11-27 00:00:07.432;25323,75;1;BID;25323,75;25327,75
2025-11-27 00:00:10.520;25326,5;1;ASK;25322,5;25324,5
2025-11-27 00:00:10.852;25323,75;1;ASK;25322,5;25324,5
2025-11-27 00:00:10.852;25323,75;1;ASK;25322,5;25324,5
2025-11-27 00:00:10.880;25324,5;1;ASK;25322,5;25324,5
2025-11-27 00:00:11.332;25322,5;1;ASK;25320,0;25321,75
2025-11-27 00:00:11.456;25322,0;1;ASK;25320,0;25321,75
2025-11-27 00:00:11.964;25321,75;1;ASK;25320,0;25321,75
2025-11-27 00:00:12.104;25321,75;1;ASK;25320,25;25322,75
2025-11-27 00:00:12.196;25321,75;1;ASK;25320,25;25322,75
2025-11-27 00:00:12.196;25322,0;1;ASK;25320,25;25322,75
2025-11-27 00:00:14.760;25321,0;1;ASK;25320,0;25322,0
2025-11-27 00:00:15.100;25322,0;1;BID;25324,25;25328,0
2025-11-27 00:00:15.160;25322,0;1;BID;25324,25;25328,0
2025-11-27 00:00:15.160;25322,0;2;BID;25324,25;25328,0
2025-11-27 00:00:15.160;25325,25;1;BID;25324,25;25328,0
2025-11-27 00:00:15.160;25325,25;1;BID;25324,25;25328,0
2025-11-27 00:00:15.160;25325,5;1;BID;25324,25;25328,0
2025-11-27 00:00:15.160;25325,5;1;BID;25324,25;25328,0
2025-11-27 00:00:15.160;25325,75;1;BID;25324,25;25328,0
2025-11-27 00:00:15.160;25325,75;1;BID;25324,25;25328,0
2025-11-27 00:00:15.160;25326,25;1;ASK;25324,25;25328,0
2025-11-27 00:00:15.160;25326,25;1;ASK;25324,25;25328,0
2025-11-27 00:00:15.160;25326,25;1;ASK;25324,25;25328,0
2025-11-27 00:00:15.160;25326,5;1;ASK;25324,25;25328,0
2025-11-27 00:00:15.160;25326,5;1;ASK;25324,25;25328,0
2025-11-27 00:00:15.160;25327,25;1;ASK;25324,25;25328,0
2025-11-27 00:00:15.160;25327,75;1;ASK;25324,25;25328,0
2025-11-27 00:00:15.160;25327,75;1;ASK;25324,25;25328,0
2025-11-27 00:00:15.160;25327,75;1;ASK;25324,25;25328,0
2025-11-27 00:00:15.160;25329,0;1;ASK;25324,25;25328,0
2025-11-27 00:00:15.160;25329,5;1;ASK;25324,25;25328,0
2025-11-27 00:00:15.160;25322,0;1;BID;25324,25;25328,0
2025-11-27 00:00:15.280;25325,75;1;BID;25324,25;25328,0
2025-11-27 00:00:17.244;25325,5;1;ASK;25323,25;25324,75
2025-11-27 00:00:17.648;25323,5;1;BID;25323,25;25324,75
2025-11-27 00:00:20.144;25324,75;1;ASK;25323,25;25325,25
2025-11-27 00:00:20.656;25323,25;1;BID;25323,25;25325,25
2025-11-27 00:00:20.656;25323,75;6;BID;25323,25;25325,25
2025-11-27 00:00:20.660;25323,75;1;BID;25323,25;25325,25
2025-11-27 00:00:20.772;25325,0;1;ASK;25323,25;25325,25
2025-11-27 00:00:21.012;25325,25;1;BID;25324,0;25327,25
2025-11-27 00:00:21.012;25325,5;1;BID;25324,0;25327,25
2025-11-27 00:00:21.012;25325,5;1;BID;25324,0;25327,25
2025-11-27 00:00:21.012;25325,5;1;BID;25324,0;25327,25
2025-11-27 00:00:21.012;25325,75;1;ASK;25324,0;25327,25
2025-11-27 00:00:21.012;25327,75;1;ASK;25324,0;25327,25
2025-11-27 00:00:21.012;25329,25;1;ASK;25324,0;25327,25
2025-11-27 00:00:21.012;25329,25;1;ASK;25324,0;25327,25
2025-11-27 00:00:21.012;25330,25;1;ASK;25324,0;25327,25
2025-11-27 00:00:21.012;25330,25;1;ASK;25324,0;25327,25
2025-11-27 00:00:21.012;25331,25;2;ASK;25324,0;25327,25
2025-11-27 00:00:21.012;25331,25;1;ASK;25324,0;25327,25
2025-11-27 00:00:21.012;25331,5;1;ASK;25324,0;25327,25
2025-11-27 00:00:21.012;25331,5;1;ASK;25324,0;25327,25
2025-11-27 00:00:21.012;25332,0;1;ASK;25324,0;25327,25
2025-11-27 00:00:21.012;25332,0;1;ASK;25324,0;25327,25
2025-11-27 00:00:21.012;25334,0;1;ASK;25324,0;25327,25
2025-11-27 00:00:21.012;25334,0;1;ASK;25324,0;25327,25
2025-11-27 00:00:21.012;25334,5;1;ASK;25324,0;25327,25
2025-11-27 00:00:21.012;25335,0;1;ASK;25324,0;25327,25
2025-11-27 00:00:21.012;25335,0;1;ASK;25324,0;25327,25
2025-11-27 00:00:21.012;25336,5;1;ASK;25324,0;25327,25
2025-11-27 00:00:21.016;25330,5;1;ASK;25324,0;25327,25
2025-11-27 00:00:21.016;25330,0;1;ASK;25324,0;25327,25
2025-11-27 00:00:21.016;25329,0;1;ASK;25324,0;25327,25
2025-11-27 00:00:21.020;25329,75;1;ASK;25324,0;25327,25
2025-11-27 00:00:21.600;25327,25;1;ASK;25324,0;25327,25
2025-11-27 00:00:21.732;25327,25;1;ASK;25324,0;25327,25
2025-11-27 00:00:22.264;25324,0;1;BID;25323,5;25326,25
2025-11-27 00:00:22.264;25325,75;1;ASK;25323,5;25326,25
2025-11-27 00:00:22.636;25324,25;1;BID;25323,5;25326,25
2025-11-27 00:00:22.636;25324,0;1;BID;25323,5;25326,25
2025-11-27 00:00:22.636;25323,75;1;BID;25323,5;25326,25
2025-11-27 00:00:22.636;25323,5;1;BID;25323,5;25326,25
2025-11-27 00:00:22.636;25323,5;1;BID;25323,5;25326,25
2025-11-27 00:00:22.996;25326,25;1;ASK;25323,5;25326,25
2025-11-27 00:00:22.996;25326,25;1;ASK;25323,5;25326,25
2025-11-27 00:00:23.444;25326,25;1;BID;25326,5;25329,5
2025-11-27 00:00:24.600;25328,75;1;ASK;25326,5;25330,0
2025-11-27 00:00:26.628;25328,5;1;BID;25327,5;25332,25
2025-11-27 00:00:26.628;25331,75;1;ASK;25327,5;25332,25
2025-11-27 00:00:26.628;25332,0;1;ASK;25327,5;25332,25
2025-11-27 00:00:26.724;25328,5;1;BID;25327,5;25332,25
2025-11-27 00:00:27.168;25327,75;1;BID;25327,75;25331,0
2025-11-27 00:00:27.824;25330,25;1;ASK;25327,75;25331,0
2025-11-27 00:00:27.824;25330,25;1;ASK;25327,75;25331,0
2025-11-27 00:00:27.824;25332,0;1;ASK;25327,75;25331,0
2025-11-27 00:00:27.824;25332,0;1;ASK;25327,75;25331,0
2025-11-27 00:00:27.824;25332,5;1;ASK;25327,75;25331,0
2025-11-27 00:00:27.824;25332,5;1;ASK;25327,75;25331,0
2025-11-27 00:00:27.824;25332,75;1;ASK;25327,75;25331,0
2025-11-27 00:00:27.824;25332,75;1;ASK;25327,75;25331,0
2025-11-27 00:00:27.824;25332,75;1;ASK;25327,75;25331,0
2025-11-27 00:00:27.824;25335,0;1;ASK;25327,75;25331,0
2025-11-27 00:00:27.824;25331,5;1;ASK;25327,75;25331,0
2025-11-27 00:00:27.824;25330,5;1;ASK;25327,75;25331,0
2025-11-27 00:00:27.824;25330,5;1;ASK;25327,75;25331,0
2025-11-27 00:00:27.824;25330,5;1;ASK;25327,75;25331,0
2025-11-27 00:00:27.836;25330,75;1;ASK;25327,75;25331,0
2025-11-27 00:00:27.836;25330,5;2;ASK;25327,75;25331,0
2025-11-27 00:00:28.508;25332,5;1;BID;25333,0;25336,0
2025-11-27 00:00:28.800;25332,25;2;BID;25333,0;25336,0
2025-11-27 00:00:28.888;25332,5;2;BID;25333,0;25336,0
2025-11-27 00:00:28.888;25332,75;1;BID;25333,0;25336,0
2025-11-27 00:00:28.888;25334,75;1;ASK;25333,0;25336,0
2025-11-27 00:00:30.388;25332,5;1;ASK;25328,0;25331,5
2025-11-27 00:00:30.388;25332,5;1;ASK;25328,0;25331,5
2025-11-27 00:00:30.400;25332,25;1;ASK;25328,0;25331,5
2025-11-27 00:00:31.272;25330,5;1;ASK;25325,0;25328,25
2025-11-27 00:00:31.272;25330,5;1;ASK;25325,0;25328,25
2025-11-27 00:00:31.704;25327,0;1;ASK;25325,0;25328,25
2025-11-27 00:00:32.200;25327,75;1;BID;25326,75;25329,75
2025-11-27 00:00:32.200;25328,0;1;BID;25326,75;25329,75
2025-11-27 00:00:32.200;25328,5;1;ASK;25326,75;25329,75
2025-11-27 00:00:36.740;25327,25;1;BID;25326,25;25329,0
2025-11-27 00:00:36.780;25326,75;1;BID;25326,25;25329,0
2025-11-27 00:00:36.780;25326,5;1;BID;25326,25;25329,0
2025-11-27 00:00:36.780;25323,5;1;BID;25326,25;25329,0
2025-11-27 00:00:36.880;25326,25;1;BID;25326,25;25329,0
2025-11-27 00:00:37.036;25326,25;1;ASK;25324,0;25327,0
2025-11-27 00:00:37.204;25326,0;1;ASK;25324,0;25327,0
2025-11-27 00:00:37.304;25324,75;1;BID;25324,0;25327,0
2025-11-27 00:00:37.304;25324,75;1;BID;25324,0;25327,0
2025-11-27 00:00:37.304;25324,5;1;BID;25324,0;25327,0
2025-11-27 00:00:37.304;25324,5;1;BID;25324,0;25327,0
2025-11-27 00:00:37.304;25324,0;1;BID;25324,0;25327,0
2025-11-27 00:00:37.304;25324,0;1;BID;25324,0;25327,0
2025-11-27 00:00:37.304;25323,75;1;BID;25324,0;25327,0
2025-11-27 00:00:37.304;25323,75;1;BID;25324,0;25327,0
2025-11-27 00:00:37.316;25325,0;1;BID;25324,0;25327,0
2025-11-27 00:00:38.352;25324,75;1;BID;25323,5;25327,0
2025-11-27 00:00:38.352;25324,0;1;BID;25323,5;25327,0
2025-11-27 00:00:44.152;25326,25;1;BID;25325,5;25327,25
2025-11-27 00:00:44.152;25326,5;1;ASK;25325,5;25327,25
2025-11-27 00:00:44.856;25326,5;1;ASK;25325,5;25327,25
2025-11-27 00:00:44.856;25326,5;1;ASK;25325,5;25327,25
2025-11-27 00:00:45.156;25327,25;1;BID;25326,75;25329,75
2025-11-27 00:00:45.156;25330,0;1;ASK;25326,75;25329,75
2025-11-27 00:00:45.156;25330,0;1;ASK;25326,75;25329,75
2025-11-27 00:00:46.428;25329,75;1;ASK;25328,5;25330,0
2025-11-27 00:00:52.512;25328,5;1;BID;25327,75;25330,0
2025-11-27 00:00:53.460;25327,75;1;BID;25328,25;25330,0
2025-11-27 00:00:53.724;25330,0;1;ASK;25328,25;25330,0
2025-11-27 00:00:55.524;25329,75;1;ASK;25328,25;25330,5
2025-11-27 00:00:55.524;25330,0;1;ASK;25328,25;25330,5
2025-11-27 00:00:55.524;25330,25;1;ASK;25328,25;25330,5
2025-11-27 00:00:57.248;25330,5;1;ASK;25329,25;25331,5
2025-11-27 00:00:57.248;25330,5;1;ASK;25329,25;25331,5
2025-11-27 00:00:57.248;25330,75;1;ASK;25329,25;25331,5
2025-11-27 00:00:57.248;25330,75;1;ASK;25329,25;25331,5
2025-11-27 00:00:57.248;25331,75;1;ASK;25329,25;25331,5
2025-11-27 00:00:57.248;25331,75;1;ASK;25329,25;25331,5
2025-11-27 00:00:57.248;25331,75;1;ASK;25329,25;25331,5
2025-11-27 00:00:57.248;25332,5;1;ASK;25329,25;25331,5
2025-11-27 00:00:57.248;25332,5;1;ASK;25329,25;25331,5
2025-11-27 00:00:57.248;25333,25;1;ASK;25329,25;25331,5
2025-11-27 00:00:57.248;25331,0;1;ASK;25329,25;25331,5
2025-11-27 00:00:57.248;25331,0;1;ASK;25329,25;25331,5
2025-11-27 00:00:59.516;25333,25;1;ASK;25330,0;25332,25
2025-11-27 00:00:59.516;25333,25;1;ASK;25330,0;25332,25
2025-11-27 00:01:00.168;25332,25;1;ASK;25330,25;25332,5
2025-11-27 00:01:02.428;25330,25;2;BID;25329,25;25331,5
2025-11-27 00:01:04.516;25329,25;1;ASK;25325,25;25329,75
2025-11-27 00:01:04.576;25328,25;2;ASK;25325,25;25329,75
2025-11-27 00:01:04.576;25328,0;1;ASK;25325,25;25329,75
2025-11-27 00:01:07.344;25327,25;1;BID;25327,0;25329,75
2025-11-27 00:01:08.112;25327,0;1;ASK;25325,5;25327,75
2025-11-27 00:01:09.176;25325,5;1;ASK;25325,0;25325,5
2025-11-27 00:01:09.624;25325,5;1;ASK;25325,0;25325,5
2025-11-27 00:01:09.624;25325,25;1;ASK;25325,0;25325,5
2025-11-27 00:01:10.180;25325,5;1;ASK;25323,0;25325,25
2025-11-27 00:01:10.436;25325,0;1;ASK;25323,0;25325,25
2025-11-27 00:01:10.668;25324,0;1;BID;25323,0;25325,25
2025-11-27 00:01:12.524;25323,25;1;BID;25323,0;25325,25
2025-11-27 00:01:13.980;25325,25;1;ASK;25323,25;25325,25
2025-11-27 00:01:14.628;25325,25;1;ASK;25323,25;25325,75
2025-11-27 00:01:20.064;25323,25;1;BID;25323,0;25325,25
2025-11-27 00:01:24.400;25323,0;1;BID;25322,25;25324,5
2025-11-27 00:01:24.800;25323,0;2;BID;25322,25;25324,5
2025-11-27 00:01:24.852;25324,25;1;ASK;25322,25;25324,5
2025-11-27 00:01:24.852;25324,25;1;ASK;25322,25;25324,5
2025-11-27 00:01:26.072;25322,25;1;BID;25322,25;25325,0
2025-11-27 00:01:26.664;25324,0;1;ASK;25322,25;25325,0
2025-11-27 00:01:30.136;25325,0;1;ASK;25323,25;25325,75
2025-11-27 00:01:30.136;25325,0;1;ASK;25323,25;25325,75
2025-11-27 00:01:30.212;25325,75;2;ASK;25323,25;25325,75
2025-11-27 00:01:33.216;25325,0;1;ASK;25322,75;25325,0
2025-11-27 00:01:37.988;25325,0;1;ASK;25323,25;25324,75
2025-11-27 00:01:37.988;25325,75;1;ASK;25323,25;25324,75
2025-11-27 00:01:37.988;25325,75;1;ASK;25323,25;25324,75
2025-11-27 00:01:37.988;25325,75;1;ASK;25323,25;25324,75
2025-11-27 00:01:38.040;25324,25;1;BID;25323,5;25326,25
2025-11-27 00:01:38.040;25326,0;1;ASK;25323,5;25326,25
2025-11-27 00:01:38.040;25326,0;1;ASK;25323,5;25326,25
2025-11-27 00:01:38.040;25326,0;1;ASK;25323,5;25326,25
2025-11-27 00:01:43.600;25323,5;1;BID;25323,25;25326,0
2025-11-27 00:02:09.412;25327,0;1;ASK;25324,5;25327,25
2025-11-27 00:02:09.412;25326,5;1;ASK;25324,5;25327,25
2025-11-27 00:02:17.776;25327,25;1;ASK;25325,75;25328,0
2025-11-27 00:02:18.324;25325,75;1;BID;25325,25;25327,75
2025-11-27 00:02:18.948;25325,5;1;BID;25325,25;25327,75
2025-11-27 00:02:49.748;25327,5;1;ASK;25325,5;25328,0
2025-11-27 00:03:22.448;25327,5;1;ASK;25326,5;25327,75
2025-11-27 00:03:27.096;25326,5;1;ASK;25325,25;25326,5
2025-11-27 00:03:27.096;25326,0;1;ASK;25325,25;25326,5
2025-11-27 00:03:27.108;25326,5;1;ASK;25325,25;25326,5
2025-11-27 00:03:29.300;25325,25;1;BID;25324,25;25326,5
2025-11-27 00:03:29.300;25325,0;1;BID;25324,25;25326,5
2025-11-27 00:03:29.300;25325,0;1;BID;25324,25;25326,5
2025-11-27 00:03:29.300;25325,0;1;BID;25324,25;25326,5
2025-11-27 00:03:29.300;25324,75;1;BID;25324,25;25326,5
2025-11-27 00:03:32.740;25324,25;2;BID;25324,0;25325,75
2025-11-27 00:03:36.256;25324,0;1;ASK;25322,25;25325,25
2025-11-27 00:03:36.260;25323,75;1;ASK;25322,25;25325,25
2025-11-27 00:03:36.304;25324,5;1;ASK;25322,25;25325,25
2025-11-27 00:03:37.128;25325,0;1;ASK;25322,25;25325,0
2025-11-27 00:03:37.196;25322,25;1;BID;25322,25;25325,0
2025-11-27 00:03:37.196;25322,25;1;BID;25322,25;25325,0
2025-11-27 00:03:43.684;25325,0;1;ASK;25322,5;25325,0
2025-11-27 00:03:44.548;25325,0;1;ASK;25322,75;25325,5
2025-11-27 00:03:45.344;25325,5;1;ASK;25322,75;25325,5
2025-11-27 00:03:54.576;25324,5;1;ASK;25322,75;25325,0
2025-11-27 00:04:18.612;25323,25;1;ASK;25321,75;25324,25
2025-11-27 00:04:28.644;25323,75;1;ASK;25321,5;25323,75
2025-11-27 00:04:41.540;25323,5;1;ASK;25321,5;25324,0
2025-11-27 00:04:46.584;25322,0;1;ASK;25321,25;25321,5
2025-11-27 00:04:46.584;25321,5;1;ASK;25321,25;25321,5
2025-11-27 00:04:49.132;25321,5;2;BID;25321,5;25324,0
2025-11-27 00:05:00.120;25321,75;1;BID;25321,75;25324,25
2025-11-27 00:05:17.340;25322,0;1;BID;25322,0;25324,0
2025-11-27 00:05:29.088;25322,25;1;BID;25321,75;25324,0
2025-11-27 00:05:29.088;25322,25;1;BID;25321,75;25324,0
2025-11-27 00:05:29.088;25322,0;1;BID;25321,75;25324,0
2025-11-27 00:05:41.620;25322,0;4;ASK;25321,0;25323,0
2025-11-27 00:05:46.844;25323,0;1;ASK;25321,0;25323,5
2025-11-27 00:06:04.176;25322,5;1;ASK;25320,0;25322,0
2025-11-27 00:06:04.312;25321,0;1;ASK;25320,0;25322,0
2025-11-27 00:06:04.312;25321,0;1;ASK;25320,0;25322,0
2025-11-27 00:06:04.312;25320,5;2;BID;25320,0;25322,0
2025-11-27 00:06:04.312;25320,25;1;BID;25320,0;25322,0
2025-11-27 00:06:06.480;25320,25;1;BID;25320,0;25322,0
2025-11-27 00:06:06.480;25320,0;1;BID;25320,0;25322,0
2025-11-27 00:06:07.608;25322,0;1;ASK;25320,0;25322,5
2025-11-27 00:06:08.872;25320,0;1;BID;25320,0;25322,25
2025-11-27 00:06:12.076;25320,25;1;BID;25320,0;25322,25
2025-11-27 00:06:15.572;25320,25;1;BID;25320,25;25322,25
2025-11-27 00:06:24.536;25320,5;1;BID;25320,25;25322,25
2025-11-27 00:06:24.536;25320,5;4;BID;25320,25;25322,25
2025-11-27 00:06:28.936;25320,5;1;BID;25320,25;25321,0
2025-11-27 00:06:29.780;25321,0;1;BID;25321,0;25322,0
2025-11-27 00:06:29.780;25321,0;1;BID;25321,0;25322,0
2025-11-27 00:06:33.304;25321,25;1;ASK;25321,0;25321,25
2025-11-27 00:06:39.096;25321,0;3;ASK;25320,25;25321,0
2025-11-27 00:06:53.536;25321,0;1;ASK;25320,0;25321,0
2025-11-27 00:06:53.904;25320,25;1;BID;25320,0;25321,0
2025-11-27 00:07:01.892;25320,5;1;ASK;25320,25;25320,5
2025-11-27 00:07:01.892;25320,25;1;BID;25320,25;25320,5
2025-11-27 00:07:02.432;25320,5;1;BID;25320,5;25321,75
2025-11-27 00:07:13.204;25321,25;1;BID;25321,5;25323,25
2025-11-27 00:07:17.192;25321,5;1;BID;25321,5;25323,25
2025-11-27 00:07:26.156;25323,0;1;ASK;25322,25;25323,25
2025-11-27 00:07:27.852;25323,5;1;BID;25323,25;25325,25
2025-11-27 00:07:30.620;25326,25;1;BID;25328,75;25330,25
2025-11-27 00:07:30.620;25326,25;1;BID;25328,75;25330,25
2025-11-27 00:07:30.620;25326,25;1;BID;25328,75;25330,25
2025-11-27 00:07:30.620;25326,5;1;BID;25328,75;25330,25
2025-11-27 00:07:30.620;25326,5;1;BID;25328,75;25330,25
2025-11-27 00:07:30.620;25326,75;1;BID;25328,75;25330,25
2025-11-27 00:07:30.676;25328,0;1;BID;25328,75;25330,25
2025-11-27 00:07:30.676;25328,0;1;BID;25328,75;25330,25
2025-11-27 00:07:30.676;25328,25;1;BID;25328,75;25330,25
2025-11-27 00:07:30.676;25328,5;1;BID;25328,75;25330,25
2025-11-27 00:07:30.676;25328,5;1;BID;25328,75;25330,25
2025-11-27 00:07:30.676;25328,75;1;BID;25328,75;25330,25
2025-11-27 00:07:30.724;25329,0;1;BID;25328,75;25330,25
2025-11-27 00:07:32.112;25329,75;1;BID;25329,5;25330,5
2025-11-27 00:07:33.696;25330,0;1;BID;25330,5;25331,75
2025-11-27 00:07:33.824;25330,5;1;BID;25330,5;25331,75
2025-11-27 00:07:33.824;25330,75;1;BID;25330,5;25331,75
2025-11-27 00:07:33.824;25330,75;1;BID;25330,5;25331,75
2025-11-27 00:07:33.824;25331,25;1;ASK;25330,5;25331,75
2025-11-27 00:07:35.124;25331,75;1;ASK;25330,5;25331,75
2025-11-27 00:07:35.408;25331,75;1;ASK;25330,5;25331,75
2025-11-27 00:07:36.220;25331,75;1;BID;25332,0;25333,0
2025-11-27 00:07:36.220;25332,0;1;BID;25332,0;25333,0
2025-11-27 00:07:36.224;25332,0;1;BID;25332,0;25333,0
2025-11-27 00:07:37.480;25333,0;1;BID;25332,25;25334,25
2025-11-27 00:07:37.480;25333,5;1;ASK;25332,25;25334,25
2025-11-27 00:07:37.480;25333,5;1;ASK;25332,25;25334,25
2025-11-27 00:07:37.480;25333,5;1;ASK;25332,25;25334,25
2025-11-27 00:07:37.480;25333,5;1;ASK;25332,25;25334,25
2025-11-27 00:07:37.492;25332,5;1;BID;25332,25;25334,25
2025-11-27 00:07:37.636;25334,0;1;ASK;25332,25;25334,25
2025-11-27 00:07:37.636;25334,0;1;ASK;25332,25;25334,25
2025-11-27 00:07:37.636;25334,0;1;ASK;25332,25;25334,25
2025-11-27 00:07:37.636;25334,0;1;ASK;25332,25;25334,25
2025-11-27 00:07:37.636;25334,5;1;ASK;25332,25;25334,25
2025-11-27 00:07:37.636;25334,75;1;ASK;25332,25;25334,25
2025-11-27 00:07:37.636;25335,0;1;ASK;25332,25;25334,25
2025-11-27 00:07:37.636;25335,0;1;ASK;25332,25;25334,25
2025-11-27 00:07:37.636;25335,0;1;ASK;25332,25;25334,25
2025-11-27 00:07:37.636;25335,0;1;ASK;25332,25;25334,25
2025-11-27 00:07:37.636;25335,0;1;ASK;25332,25;25334,25
2025-11-27 00:07:37.636;25335,0;1;ASK;25332,25;25334,25
2025-11-27 00:07:37.636;25335,0;1;ASK;25332,25;25334,25
2025-11-27 00:07:37.636;25335,25;1;ASK;25332,25;25334,25
2025-11-27 00:07:37.660;25334,0;1;ASK;25332,25;25334,25
2025-11-27 00:07:37.660;25334,0;3;ASK;25332,25;25334,25
2025-11-27 00:07:37.712;25333,5;1;ASK;25332,25;25334,25
2025-11-27 00:07:37.712;25333,25;1;ASK;25332,25;25334,25
2025-11-27 00:07:37.720;25333,0;1;BID;25332,25;25334,25
2025-11-27 00:07:37.720;25333,0;1;BID;25332,25;25334,25
2025-11-27 00:07:37.720;25332,75;1;BID;25332,25;25334,25
2025-11-27 00:07:37.720;25332,75;1;BID;25332,25;25334,25
2025-11-27 00:07:39.404;25332,5;1;BID;25332,0;25333,75
2025-11-27 00:07:39.404;25332,5;1;BID;25332,0;25333,75
2025-11-27 00:07:39.404;25332,5;1;BID;25332,0;25333,75
2025-11-27 00:07:39.404;25332,25;1;BID;25332,0;25333,75
2025-11-27 00:07:39.404;25332,25;1;BID;25332,0;25333,75
2025-11-27 00:07:39.476;25333,0;1;ASK;25332,0;25333,75
2025-11-27 00:07:41.088;25334,5;1;ASK;25333,25;25335,25
2025-11-27 00:07:42.136;25335,25;1;ASK;25332,0;25334,0
2025-11-27 00:07:42.136;25335,5;1;ASK;25332,0;25334,0
2025-11-27 00:07:42.148;25333,75;1;ASK;25332,0;25334,0
2025-11-27 00:07:42.156;25333,5;1;ASK;25332,0;25334,0
2025-11-27 00:07:42.156;25333,5;1;ASK;25332,0;25334,0
2025-11-27 00:07:42.156;25332,75;1;BID;25332,0;25334,0
2025-11-27 00:07:42.164;25332,5;1;BID;25332,0;25334,0
2025-11-27 00:07:43.004;25332,0;1;BID;25331,5;25333,5
2025-11-27 00:07:43.004;25332,0;1;BID;25331,5;25333,5
2025-11-27 00:07:45.804;25331,75;1;BID;25331,75;25333,5
2025-11-27 00:07:46.864;25333,5;1;ASK;25332,0;25334,0
2025-11-27 00:07:46.864;25333,5;1;ASK;25332,0;25334,0
2025-11-27 00:07:46.864;25333,75;1;ASK;25332,0;25334,0
2025-11-27 00:07:50.612;25333,0;1;BID;25332,5;25334,25
2025-11-27 00:08:00.276;25332,75;2;ASK;25332,0;25333,5
2025-11-27 00:08:00.276;25332,75;3;ASK;25332,0;25333,5
2025-11-27 00:08:05.544;25332,75;1;BID;25332,0;25333,75
2025-11-27 00:08:11.568;25333,75;1;ASK;25332,75;25334,25
2025-11-27 00:08:25.604;25332,25;1;BID;25332,0;25333,5
2025-11-27 00:08:28.904;25332,0;1;ASK;25330,0;25331,75
2025-11-27 00:08:28.904;25332,0;1;ASK;25330,0;25331,75
2025-11-27 00:08:30.044;25329,5;1;BID;25329,5;25331,25
2025-11-27 00:08:33.088;25330,25;1;ASK;25329,0;25330,25
2025-11-27 00:08:34.016;25330,25;1;ASK;25329,0;25330,25
2025-11-27 00:08:35.728;25330,25;1;BID;25329,75;25331,0
2025-11-27 00:08:35.728;25330,25;1;BID;25329,75;25331,0
2025-11-27 00:08:36.248;25331,0;1;BID;25331,5;25333,25
2025-11-27 00:08:36.680;25332,0;1;BID;25331,5;25333,25
2025-11-27 00:08:37.448;25331,5;1;ASK;25329,75;25331,5
2025-11-27 00:08:37.448;25331,5;1;ASK;25329,75;25331,5
2025-11-27 00:08:37.448;25330,75;1;ASK;25329,75;25331,5
2025-11-27 00:08:37.448;25330,75;1;ASK;25329,75;25331,5
2025-11-27 00:08:37.448;25330,5;1;BID;25329,75;25331,5
2025-11-27 00:08:37.448;25330,5;1;BID;25329,75;25331,5
2025-11-27 00:08:37.448;25330,25;1;BID;25329,75;25331,5
2025-11-27 00:08:37.448;25330,25;1;BID;25329,75;25331,5
2025-11-27 00:08:37.448;25330,0;1;BID;25329,75;25331,5
2025-11-27 00:08:37.448;25330,0;1;BID;25329,75;25331,5
2025-11-27 00:08:37.448;25329,75;1;BID;25329,75;25331,5
2025-11-27 00:08:37.448;25329,75;1;BID;25329,75;25331,5
2025-11-27 00:08:37.448;25329,5;1;BID;25329,75;25331,5
2025-11-27 00:08:37.448;25329,5;1;BID;25329,75;25331,5
2025-11-27 00:08:37.448;25329,5;1;BID;25329,75;25331,5
2025-11-27 00:08:37.448;25329,25;1;BID;25329,75;25331,5
2025-11-27 00:08:37.448;25329,25;1;BID;25329,75;25331,5
2025-11-27 00:08:37.448;25329,25;1;BID;25329,75;25331,5
2025-11-27 00:08:37.448;25329,0;1;BID;25329,75;25331,5
2025-11-27 00:08:37.448;25329,0;1;BID;25329,75;25331,5
2025-11-27 00:08:51.748;25331,0;1;ASK;25329,75;25331,5
2025-11-27 00:08:53.208;25331,25;1;ASK;25329,5;25331,5
2025-11-27 00:08:55.956;25329,75;1;BID;25329,0;25331,0
2025-11-27 00:08:55.956;25329,75;1;BID;25329,0;25331,0
2025-11-27 00:08:55.956;25329,75;1;BID;25329,0;25331,0
2025-11-27 00:09:09.092;25328,75;1;ASK;25326,25;25327,75
2025-11-27 00:09:09.092;25328,5;1;ASK;25326,25;25327,75
2025-11-27 00:09:09.096;25328,5;1;ASK;25326,25;25327,75
2025-11-27 00:09:09.584;25328,25;1;ASK;25326,25;25327,75
2025-11-27 00:09:09.800;25327,5;1;ASK;25326,25;25327,75
2025-11-27 00:09:11.556;25326,25;1;BID;25326,0;25327,75
2025-11-27 00:09:11.716;25327,75;1;ASK;25326,0;25327,75
2025-11-27 00:09:31.736;25329,75;1;ASK;25329,0;25329,75
2025-11-27 00:09:35.688;25329,75;2;BID;25329,0;25330,75
2025-11-27 00:09:56.848;25329,0;1;BID;25329,0;25330,5
2025-11-27 00:09:57.592;25330,5;1;ASK;25329,5;25330,75
2025-11-27 00:09:57.592;25330,5;1;ASK;25329,5;25330,75
2025-11-27 00:09:57.592;25330,5;3;ASK;25329,5;25330,75
2025-11-27 00:09:57.604;25330,5;1;ASK;25329,5;25330,75
2025-11-27 00:10:04.884;25330,75;1;BID;25331,75;25333,25
2025-11-27 00:10:04.888;25331,5;1;BID;25331,75;25333,25
2025-11-27 00:10:04.888;25331,5;1;BID;25331,75;25333,25
2025-11-27 00:10:04.888;25332,0;1;BID;25331,75;25333,25
2025-11-27 00:10:07.356;25333,0;1;BID;25333,0;25333,75
2025-11-27 00:10:07.608;25333,0;1;BID;25333,0;25333,75
2025-11-27 00:10:13.720;25333,75;1;BID;25333,75;25334,25
2025-11-27 00:10:13.720;25333,75;1;BID;25333,75;25334,25
2025-11-27 00:10:13.720;25334,0;1;ASK;25333,75;25334,25
2025-11-27 00:10:13.848;25333,75;1;BID;25333,75;25334,25
2025-11-27 00:10:16.508;25333,75;1;BID;25333,25;25334,75
2025-11-27 00:10:17.636;25335,25;1;ASK;25333,75;25335,25
2025-11-27 00:10:22.524;25334,0;1;BID;25334,0;25335,25
2025-11-27 00:10:22.928;25335,25;1;ASK;25334,0;25335,25
2025-11-27 00:10:24.588;25335,5;1;ASK;25334,25;25335,5
2025-11-27 00:10:25.584;25335,25;3;ASK;25333,0;25334,25
2025-11-27 00:10:25.584;25335,25;2;ASK;25333,0;25334,25
2025-11-27 00:10:25.584;25335,25;1;ASK;25333,0;25334,25
2025-11-27 00:10:27.968;25334,25;1;ASK;25333,0;25335,25
2025-11-27 00:10:27.968;25335,25;1;ASK;25333,0;25335,25
2025-11-27 00:10:28.368;25335,25;1;ASK;25333,0;25335,25
2025-11-27 00:10:29.284;25333,0;1;BID;25334,0;25335,25
2025-11-27 00:10:37.432;25335,0;1;BID;25335,0;25336,0
2025-11-27 00:10:39.476;25335,75;1;ASK;25334,25;25335,75
2025-11-27 00:10:39.476;25335,75;1;ASK;25334,25;25335,75
2025-11-27 00:10:39.476;25336,0;1;ASK;25334,25;25335,75
2025-11-27 00:10:39.476;25336,0;1;ASK;25334,25;25335,75
2025-11-27 00:10:39.476;25336,0;1;ASK;25334,25;25335,75
2025-11-27 00:10:41.656;25335,75;1;BID;25335,0;25336,75
2025-11-27 00:10:42.744;25336,75;1;ASK;25335,0;25336,75
2025-11-27 00:10:44.116;25335,0;1;BID;25334,5;25336,5
2025-11-27 00:10:44.116;25335,0;1;BID;25334,5;25336,5
2025-11-27 00:10:44.116;25335,0;1;BID;25334,5;25336,5
2025-11-27 00:10:44.116;25334,75;1;BID;25334,5;25336,5
2025-11-27 00:10:46.036;25336,5;1;ASK;25334,5;25336,5
2025-11-27 00:10:47.844;25336,5;1;ASK;25334,5;25337,0
2025-11-27 00:10:53.388;25334,25;1;BID;25334,5;25336,0
2025-11-27 00:11:00.364;25336,0;1;ASK;25335,0;25336,75
2025-11-27 00:11:02.128;25336,75;1;ASK;25335,5;25337,0
2025-11-27 00:11:06.692;25335,5;1;ASK;25334,25;25335,75
2025-11-27 00:11:06.692;25335,5;1;ASK;25334,25;25335,75
2025-11-27 00:11:08.148;25335,5;1;ASK;25332,25;25335,75
2025-11-27 00:11:08.964;25334,25;1;ASK;25332,25;25335,75
2025-11-27 00:11:10.156;25332,5;1;BID;25332,25;25335,75
2025-11-27 00:11:10.156;25332,5;1;BID;25332,25;25335,75
2025-11-27 00:11:11.824;25335,75;1;ASK;25331,75;25333,5
2025-11-27 00:11:18.076;25333,5;1;ASK;25331,75;25333,5
2025-11-27 00:11:18.076;25333,5;1;ASK;25331,75;25333,5
2025-11-27 00:11:18.076;25333,75;1;ASK;25331,75;25333,5
2025-11-27 00:11:18.076;25333,75;1;ASK;25331,75;25333,5
2025-11-27 00:11:19.764;25331,75;1;ASK;25330,0;25331,75
2025-11-27 00:11:19.764;25331,5;1;ASK;25330,0;25331,75
2025-11-27 00:11:19.764;25331,5;1;ASK;25330,0;25331,75
2025-11-27 00:11:22.532;25330,0;1;ASK;25329,0;25330,25
2025-11-27 00:11:22.532;25330,0;1;ASK;25329,0;25330,25
2025-11-27 00:11:22.532;25329,5;1;BID;25329,0;25330,25
2025-11-27 00:11:22.532;25329,25;1;BID;25329,0;25330,25
2025-11-27 00:11:22.748;25330,25;1;ASK;25329,0;25330,25
2025-11-27 00:11:23.700;25329,0;1;BID;25328,75;25330,0
2025-11-27 00:11:23.740;25330,25;1;ASK;25328,75;25330,0
2025-11-27 00:11:30.624;25330,25;1;BID;25329,75;25331,5
2025-11-27 00:11:30.768;25331,25;1;ASK;25329,75;25331,5
2025-11-27 00:11:37.616;25331,5;1;BID;25330,75;25333,0
2025-11-27 00:11:37.616;25331,5;1;BID;25330,75;25333,0
2025-11-27 00:11:37.616;25331,75;1;BID;25330,75;25333,0
2025-11-27 00:11:37.616;25332,0;1;ASK;25330,75;25333,0
2025-11-27 00:11:37.616;25332,0;1;ASK;25330,75;25333,0
2025-11-27 00:11:37.616;25332,0;1;ASK;25330,75;25333,0
2025-11-27 00:11:37.616;25332,25;1;ASK;25330,75;25333,0
2025-11-27 00:11:37.616;25332,25;1;ASK;25330,75;25333,0
2025-11-27 00:11:37.616;25332,25;1;ASK;25330,75;25333,0
2025-11-27 00:11:37.616;25332,25;1;ASK;25330,75;25333,0
2025-11-27 00:11:42.456;25330,75;1;BID;25330,75;25333,0
2025-11-27 00:12:02.828;25330,25;1;BID;25329,75;25331,75
2025-11-27 00:12:03.596;25329,25;1;ASK;25328,0;25329,25
2025-11-27 00:12:03.596;25329,25;1;ASK;25328,0;25329,25
2025-11-27 00:12:03.596;25329,0;1;ASK;25328,0;25329,25
2025-11-27 00:12:03.812;25329,25;1;ASK;25328,0;25329,25
2025-11-27 00:12:06.748;25328,0;1;ASK;25326,0;25327,75
2025-11-27 00:12:08.136;25327,75;1;ASK;25326,0;25327,75
2025-11-27 00:12:11.264;25326,0;1;BID;25326,0;25327,75
2025-11-27 00:12:12.100;25326,0;1;BID;25325,25;25327,0
2025-11-27 00:12:12.100;25325,75;1;BID;25325,25;25327,0
2025-11-27 00:12:12.300;25327,5;1;ASK;25325,25;25327,0
2025-11-27 00:12:15.176;25325,25;1;BID;25325,25;25327,0
2025-11-27 00:12:21.660;25327,0;2;BID;25327,0;25329,5
2025-11-27 00:12:25.012;25329,75;1;ASK;25328,0;25330,0
2025-11-27 00:12:25.012;25330,0;1;ASK;25328,0;25330,0
2025-11-27 00:12:31.328;25327,75;1;ASK;25325,5;25327,5
2025-11-27 00:12:31.332;25327,25;1;ASK;25325,5;25327,5
2025-11-27 00:12:47.576;25326,0;1;ASK;25325,25;25326,75
2025-11-27 00:12:50.172;25327,0;1;ASK;25325,75;25327,5
2025-11-27 00:12:54.900;25327,5;1;BID;25328,0;25328,25
2025-11-27 00:12:54.900;25328,0;2;BID;25328,0;25328,25
2025-11-27 00:12:54.900;25328,0;1;BID;25328,0;25328,25
2025-11-27 00:12:54.900;25328,25;1;ASK;25328,0;25328,25
2025-11-27 00:12:55.616;25328,0;1;BID;25327,75;25329,75
2025-11-27 00:12:55.616;25326,5;1;BID;25327,75;25329,75
2025-11-27 00:12:55.672;25328,25;1;BID;25327,75;25329,75
2025-11-27 00:12:55.672;25328,5;1;BID;25327,75;25329,75
2025-11-27 00:12:55.672;25329,0;1;ASK;25327,75;25329,75
2025-11-27 00:12:55.672;25329,0;1;ASK;25327,75;25329,75
2025-11-27 00:13:08.044;25329,5;1;ASK;25327,5;25329,5
2025-11-27 00:13:18.244;25327,25;1;ASK;25325,75;25328,75
2025-11-27 00:13:18.244;25327,0;1;BID;25325,75;25328,75
2025-11-27 00:13:21.328;25328,25;1;ASK;25325,75;25328,25
2025-11-27 00:13:25.848;25325,5;1;BID;25325,0;25326,75
2025-11-27 00:13:25.848;25325,25;1;BID;25325,0;25326,75
2025-11-27 00:13:25.848;25325,25;1;BID;25325,0;25326,75
2025-11-27 00:13:35.368;25326,75;1;ASK;25325,25;25326,75
2025-11-27 00:13:45.028;25326,5;1;ASK;25325,25;25326,5
2025-11-27 00:13:48.668;25325,0;1;ASK;25323,75;25326,0
2025-11-27 00:13:48.668;25325,0;2;ASK;25323,75;25326,0
2025-11-27 00:13:48.668;25325,0;3;ASK;25323,75;25326,0
2025-11-27 00:13:48.668;25325,0;1;ASK;25323,75;25326,0
2025-11-27 00:13:48.668;25325,0;1;ASK;25323,75;25326,0
2025-11-27 00:13:48.668;25325,0;7;ASK;25323,75;25326,0
2025-11-27 00:13:48.668;25325,0;1;ASK;25323,75;25326,0
2025-11-27 00:13:48.668;25324,75;1;BID;25323,75;25326,0
2025-11-27 00:13:57.080;25323,75;1;ASK;25322,75;25324,0
2025-11-27 00:13:58.880;25322,75;1;BID;25322,5;25324,0
2025-11-27 00:13:58.880;25322,75;1;BID;25322,5;25324,0
2025-11-27 00:13:58.880;25322,5;1;BID;25322,5;25324,0
2025-11-27 00:13:58.880;25322,5;1;BID;25322,5;25324,0
2025-11-27 00:13:59.156;25324,0;1;ASK;25322,25;25323,75
2025-11-27 00:13:59.264;25322,5;1;BID;25322,25;25323,75
2025-11-27 00:14:02.840;25322,25;2;BID;25322,0;25323,25
2025-11-27 00:14:02.840;25322,25;1;BID;25322,0;25323,25
2025-11-27 00:14:02.840;25322,0;1;BID;25322,0;25323,25
2025-11-27 00:14:03.908;25322,25;1;BID;25322,0;25323,25
2025-11-27 00:14:05.728;25322,0;1;ASK;25321,0;25322,5
2025-11-27 00:14:05.728;25322,0;1;ASK;25321,0;25322,5
2025-11-27 00:14:07.340;25322,0;1;ASK;25320,5;25322,5
2025-11-27 00:14:07.340;25322,0;1;ASK;25320,5;25322,5
2025-11-27 00:14:11.080;25322,5;1;ASK;25321,25;25323,25
2025-11-27 00:14:12.336;25321,5;1;BID;25321,25;25323,5
2025-11-27 00:14:12.556;25322,75;1;ASK;25321,25;25323,5
2025-11-27 00:14:13.808;25323,5;1;ASK;25321,25;25323,5
2025-11-27 00:14:14.500;25323,5;1;ASK;25321,75;25323,5
2025-11-27 00:14:17.336;25323,5;1;ASK;25322,0;25323,75
2025-11-27 00:14:21.528;25322,0;1;BID;25321,75;25323,5
2025-11-27 00:14:21.528;25322,0;1;BID;25321,75;25323,5
2025-11-27 00:14:24.556;25321,75;1;ASK;25320,5;25322,75
2025-11-27 00:14:24.556;25321,75;1;ASK;25320,5;25322,75
2025-11-27 00:14:24.556;25320,5;1;BID;25320,5;25322,75
2025-11-27 00:14:24.556;25320,5;1;BID;25320,5;25322,75
2025-11-27 00:14:24.556;25320,5;1;BID;25320,5;25322,75
2025-11-27 00:14:25.472;25322,0;1;ASK;25316,25;25318,5
2025-11-27 00:14:25.668;25320,0;1;ASK;25316,25;25318,5
2025-11-27 00:14:25.668;25320,0;1;ASK;25316,25;25318,5
2025-11-27 00:14:25.668;25320,0;1;ASK;25316,25;25318,5
2025-11-27 00:14:25.668;25320,0;1;ASK;25316,25;25318,5
2025-11-27 00:14:25.668;25320,0;1;ASK;25316,25;25318,5
2025-11-27 00:14:25.668;25320,0;1;ASK;25316,25;25318,5
2025-11-27 00:14:25.680;25319,0;6;ASK;25316,25;25318,5
2025-11-27 00:14:25.680;25319,0;1;ASK;25316,25;25318,5
2025-11-27 00:14:25.680;25319,0;3;ASK;25316,25;25318,5
2025-11-27 00:14:25.684;25318,25;1;ASK;25316,25;25318,5
2025-11-27 00:14:25.684;25317,5;1;ASK;25316,25;25318,5
2025-11-27 00:14:25.684;25318,25;1;ASK;25316,25;25318,5
2025-11-27 00:14:25.704;25317,5;1;ASK;25316,25;25318,5
2025-11-27 00:14:25.704;25317,5;1;ASK;25316,25;25318,5
2025-11-27 00:14:25.704;25317,0;1;BID;25316,25;25318,5
2025-11-27 00:14:25.704;25316,75;1;BID;25316,25;25318,5
2025-11-27 00:14:26.776;25317,75;1;BID;25317,5;25318,5
2025-11-27 00:14:34.696;25318,0;1;ASK;25316,25;25318,0
2025-11-27 00:14:34.696;25317,5;1;ASK;25316,25;25318,0
2025-11-27 00:14:35.680;25316,25;1;ASK;25314,5;25316,0
2025-11-27 00:14:35.684;25316,0;1;ASK;25314,5;25316,0
2025-11-27 00:14:35.684;25315,75;1;ASK;25314,5;25316,0
2025-11-27 00:14:35.700;25317,5;1;ASK;25314,5;25316,0
2025-11-27 00:14:35.744;25315,5;1;ASK;25314,5;25316,0
2025-11-27 00:14:35.744;25315,25;1;ASK;25314,5;25316,0
2025-11-27 00:14:35.748;25315,0;1;BID;25314,5;25316,0
2025-11-27 00:14:35.748;25315,0;1;BID;25314,5;25316,0
2025-11-27 00:14:35.748;25315,0;1;BID;25314,5;25316,0
2025-11-27 00:14:35.748;25314,75;2;BID;25314,5;25316,0
2025-11-27 00:14:35.748;25314,5;1;BID;25314,5;25316,0
2025-11-27 00:14:36.564;25314,25;1;BID;25314,0;25315,5
2025-11-27 00:14:36.668;25315,5;1;ASK;25314,0;25315,5
2025-11-27 00:14:37.956;25314,25;1;BID;25314,0;25315,5
2025-11-27 00:14:37.956;25314,25;1;BID;25314,0;25315,5
2025-11-27 00:14:39.296;25315,5;1;ASK;25314,0;25315,75
2025-11-27 00:14:39.804;25315,5;1;ASK;25314,0;25315,75
2025-11-27 00:14:39.804;25315,5;1;ASK;25314,0;25315,75
2025-11-27 00:14:40.316;25314,0;1;ASK;25312,5;25315,0
2025-11-27 00:14:40.316;25314,0;1;ASK;25312,5;25315,0
2025-11-27 00:14:40.316;25314,0;1;ASK;25312,5;25315,0
2025-11-27 00:14:40.316;25313,75;2;ASK;25312,5;25315,0
2025-11-27 00:14:41.304;25314,25;1;ASK;25313,25;25314,75
2025-11-27 00:14:44.308;25314,75;1;ASK;25313,0;25314,5
2025-11-27 00:14:44.428;25313,0;1;BID;25313,0;25314,5
2025-11-27 00:14:46.480;25313,75;1;ASK;25313,0;25314,5
2025-11-27 00:14:48.228;25314,5;1;ASK;25313,0;25314,5
2025-11-27 00:14:49.644;25314,5;1;ASK;25313,0;25314,5
2025-11-27 00:14:50.836;25314,5;2;ASK;25313,5;25315,0
2025-11-27 00:14:52.208;25314,25;1;ASK;25313,0;25314,5
2025-11-27 00:14:52.208;25314,25;2;ASK;25313,0;25314,5
2025-11-27 00:14:53.712;25314,5;1;ASK;25313,25;25315,5
2025-11-27 00:14:53.712;25314,5;1;ASK;25313,25;25315,5
2025-11-27 00:14:53.712;25315,5;1;ASK;25313,25;25315,5
2025-11-27 00:14:57.596;25315,25;1;BID;25315,5;25318,25
2025-11-27 00:14:57.596;25315,25;1;BID;25315,5;25318,25
2025-11-27 00:14:57.596;25315,25;1;BID;25315,5;25318,25
2025-11-27 00:14:57.600;25315,5;1;BID;25315,5;25318,25
2025-11-27 00:14:57.600;25315,25;9;BID;25315,5;25318,25
2025-11-27 00:14:57.776;25315,5;1;BID;25315,5;25318,25
2025-11-27 00:14:57.776;25315,5;1;BID;25315,5;25318,25
2025-11-27 00:15:00.008;25316,5;1;BID;25316,5;25318,25
2025-11-27 00:15:06.820;25316,75;1;BID;25316,5;25318,0
2025-11-27 00:15:09.684;25316,5;1;BID;25316,5;25317,75
2025-11-27 00:15:12.576;25316,75;1;BID;25316,5;25318,5
2025-11-27 00:15:12.784;25316,75;1;BID;25316,5;25318,5
2025-11-27 00:15:16.008;25316,75;1;ASK;25314,75;25318,25
2025-11-27 00:15:16.008;25316,75;1;ASK;25314,75;25318,25
2025-11-27 00:15:16.012;25316,5;4;ASK;25314,75;25318,25
2025-11-27 00:15:18.472;25318,25;1;ASK;25315,0;25317,0
2025-11-27 00:15:18.472;25318,25;1;ASK;25315,0;25317,0
2025-11-27 00:15:18.472;25318,25;1;ASK;25315,0;25317,0
2025-11-27 00:15:18.472;25318,5;1;ASK;25315,0;25317,0
2025-11-27 00:15:18.472;25318,5;1;ASK;25315,0;25317,0
2025-11-27 00:15:19.336;25313,5;1;BID;25314,25;25315,75
2025-11-27 00:15:19.336;25313,25;1;BID;25314,25;25315,75
2025-11-27 00:15:19.336;25313,25;1;BID;25314,25;25315,75
2025-11-27 00:15:19.336;25313,0;1;BID;25314,25;25315,75
2025-11-27 00:15:19.336;25312,5;1;BID;25314,25;25315,75
2025-11-27 00:15:19.336;25312,25;1;BID;25314,25;25315,75
2025-11-27 00:15:19.336;25312,0;1;BID;25314,25;25315,75
2025-11-27 00:15:19.336;25312,0;1;BID;25314,25;25315,75
2025-11-27 00:15:19.336;25312,0;1;BID;25314,25;25315,75
2025-11-27 00:15:19.640;25315,5;1;ASK;25314,25;25315,75
2025-11-27 00:15:21.372;25314,25;1;BID;25314,25;25315,75
2025-11-27 00:15:23.908;25314,25;1;BID;25314,25;25315,75
2025-11-27 00:15:24.748;25315,75;1;BID;25315,75;25318,0
2025-11-27 00:15:32.344;25316,25;1;BID;25316,0;25317,75
2025-11-27 00:15:32.344;25316,25;1;BID;25316,0;25317,75
2025-11-27 00:15:32.344;25316,25;1;BID;25316,0;25317,75
2025-11-27 00:15:32.344;25316,25;1;BID;25316,0;25317,75
2025-11-27 00:15:36.976;25317,25;1;BID;25316,5;25318,75
2025-11-27 00:15:36.976;25318,0;1;ASK;25316,5;25318,75
2025-11-27 00:15:36.976;25318,0;3;ASK;25316,5;25318,75
2025-11-27 00:15:36.976;25318,25;1;ASK;25316,5;25318,75
2025-11-27 00:15:36.976;25318,25;1;ASK;25316,5;25318,75
2025-11-27 00:15:37.872;25317,0;1;BID;25316,25;25318,75
2025-11-27 00:15:44.988;25317,25;2;ASK;25315,75;25318,75
2025-11-27 00:15:44.988;25317,25;8;ASK;25315,75;25318,75
2025-11-27 00:15:47.796;25317,25;1;ASK;25316,25;25318,0
2025-11-27 00:15:50.880;25316,0;1;ASK;25314,25;25315,75
2025-11-27 00:15:50.944;25314,75;1;BID;25314,25;25315,75
2025-11-27 00:15:50.980;25315,75;1;ASK;25314,25;25315,75
2025-11-27 00:15:53.488;25315,75;1;BID;25315,5;25317,25
2025-11-27 00:15:58.652;25315,0;1;BID;25314,5;25316,5
2025-11-27 00:16:05.300;25314,25;5;ASK;25313,25;25315,0
2025-11-27 00:16:05.300;25314,25;1;ASK;25313,25;25315,0
2025-11-27 00:16:05.300;25314,0;1;BID;25313,25;25315,0
2025-11-27 00:16:07.700;25314,75;1;BID;25314,5;25317,25
2025-11-27 00:16:07.700;25314,75;1;BID;25314,5;25317,25
2025-11-27 00:16:07.700;25315,0;1;BID;25314,5;25317,25
2025-11-27 00:16:12.292;25314,5;1;BID;25314,5;25317,25
2025-11-27 00:16:14.764;25317,0;1;ASK;25315,25;25317,25
2025-11-27 00:16:15.912;25317,25;1;ASK;25315,5;25317,5
2025-11-27 00:16:15.912;25317,25;1;ASK;25315,5;25317,5
2025-11-27 00:16:16.904;25317,0;1;ASK;25315,5;25317,5
2025-11-27 00:16:18.028;25315,5;1;BID;25315,5;25317,5
2025-11-27 00:16:20.964;25317,5;1;ASK;25315,5;25317,5
2025-11-27 00:16:21.824;25317,5;1;BID;25317,0;25319,0
2025-11-27 00:16:25.828;25317,5;1;BID;25317,5;25319,0
2025-11-27 00:16:34.184;25319,0;1;ASK;25317,75;25319,0
2025-11-27 00:16:35.052;25317,75;1;BID;25317,75;25319,0
2025-11-27 00:16:44.108;25317,75;1;BID;25317,75;25319,0
2025-11-27 00:16:53.224;25319,0;1;ASK;25317,25;25319,0
2025-11-27 00:16:58.516;25317,5;1;BID;25316,75;25318,5
2025-11-27 00:16:58.516;25317,25;1;BID;25316,75;25318,5
2025-11-27 00:16:58.516;25317,0;1;BID;25316,75;25318,5
2025-11-27 00:16:59.132;25316,75;1;ASK;25314,5;25315,75
2025-11-27 00:17:04.132;25315,25;1;BID;25314,5;25316,75
2025-11-27 00:17:04.132;25314,5;1;BID;25314,5;25316,75
2025-11-27 00:17:04.132;25315,75;2;ASK;25314,5;25316,75
2025-11-27 00:17:10.364;25316,75;1;ASK;25314,5;25316,0
2025-11-27 00:17:23.716;25314,75;1;BID;25314,5;25316,0
2025-11-27 00:17:25.196;25316,0;1;ASK;25314,5;25316,5
2025-11-27 00:17:29.556;25314,5;1;BID;25313,5;25316,5
2025-11-27 00:17:29.556;25314,5;1;BID;25313,5;25316,5
2025-11-27 00:17:29.556;25313,75;1;BID;25313,5;25316,5
2025-11-27 00:17:32.112;25313,5;1;BID;25313,5;25316,5
2025-11-27 00:17:36.708;25313,5;1;BID;25312,25;25316,5
2025-11-27 00:17:37.488;25315,5;1;ASK;25312,25;25316,5
2025-11-27 00:17:42.932;25316,5;1;ASK;25313,25;25316,25
2025-11-27 00:17:47.884;25316,25;1;ASK;25313,75;25316,25
2025-11-27 00:17:49.640;25316,25;1;ASK;25313,75;25316,0
2025-11-27 00:17:51.340;25315,25;1;ASK;25313,75;25316,0
2025-11-27 00:18:01.684;25315,0;1;BID;25314,0;25316,5
2025-11-27 00:18:22.940;25315,75;1;ASK;25314,0;25316,5
2025-11-27 00:18:22.940;25315,75;2;ASK;25314,0;25316,5
2025-11-27 00:18:22.940;25316,0;1;ASK;25314,0;25316,5
2025-11-27 00:18:23.688;25316,5;1;ASK;25314,5;25316,5
2025-11-27 00:18:24.056;25316,5;1;ASK;25314,5;25316,75
2025-11-27 00:18:34.204;25317,0;1;BID;25315,5;25318,75
2025-11-27 00:18:34.204;25317,0;1;BID;25315,5;25318,75
2025-11-27 00:18:34.404;25317,0;1;BID;25315,5;25318,75
2025-11-27 00:18:35.692;25316,5;2;BID;25315,75;25318,75
2025-11-27 00:18:41.500;25316,5;2;BID;25316,0;25318,75
2025-11-27 00:18:41.500;25316,5;1;BID;25316,0;25318,75
2025-11-27 00:19:08.440;25316,0;1;BID;25316,5;25319,0
2025-11-27 00:19:20.692;25319,0;1;ASK;25318,0;25319,0
2025-11-27 00:19:20.692;25319,0;1;ASK;25318,0;25319,0
2025-11-27 00:19:26.320;25319,0;1;BID;25318,75;25320,5
2025-11-27 00:19:26.320;25319,25;1;BID;25318,75;25320,5
2025-11-27 00:19:26.360;25319,75;1;ASK;25318,75;25320,5
2025-11-27 00:19:39.444;25320,5;1;ASK;25318,75;25320,5
2025-11-27 00:19:39.444;25319,25;1;BID;25318,75;25320,5
2025-11-27 00:19:40.132;25318,75;1;ASK;25317,5;25319,0
2025-11-27 00:19:42.816;25319,0;1;ASK;25317,5;25320,25
2025-11-27 00:19:43.660;25317,5;1;BID;25317,5;25319,75
2025-11-27 00:19:52.296;25320,0;1;ASK;25319,0;25320,5
2025-11-27 00:19:54.580;25320,5;1;ASK;25319,0;25321,25
2025-11-27 00:19:54.580;25320,5;1;ASK;25319,0;25321,25
2025-11-27 00:19:54.580;25321,0;2;ASK;25319,0;25321,25
2025-11-27 00:19:57.552;25321,25;1;ASK;25320,0;25321,75
2025-11-27 00:19:57.552;25321,5;1;ASK;25320,0;25321,75
2025-11-27 00:19:57.556;25321,5;1;ASK;25320,0;25321,75
2025-11-27 00:20:02.460;25320,5;1;BID;25319,5;25321,75
2025-11-27 00:20:02.460;25320,5;1;BID;25319,5;25321,75
2025-11-27 00:20:02.460;25320,5;1;BID;25319,5;25321,75
2025-11-27 00:20:04.020;25321,5;1;BID;25323,25;25325,0
2025-11-27 00:20:04.020;25322,0;1;BID;25323,25;25325,0
2025-11-27 00:20:04.020;25322,0;1;BID;25323,25;25325,0
2025-11-27 00:20:04.020;25322,0;1;BID;25323,25;25325,0
2025-11-27 00:20:04.024;25322,75;1;BID;25323,25;25325,0
2025-11-27 00:20:04.424;25324,75;1;ASK;25323,25;25325,0
2025-11-27 00:20:04.428;25324,75;1;ASK;25323,25;25325,0
2025-11-27 00:20:04.520;25324,75;1;ASK;25323,25;25325,0
2025-11-27 00:20:13.392;25325,0;1;BID;25324,75;25326,5
2025-11-27 00:20:13.392;25325,0;2;BID;25324,75;25326,5
2025-11-27 00:20:13.944;25325,0;1;BID;25324,75;25326,5
2025-11-27 00:20:13.944;25325,0;1;BID;25324,75;25326,5
2025-11-27 00:20:13.944;25325,25;1;BID;25324,75;25326,5
2025-11-27 00:20:13.944;25325,5;1;BID;25324,75;25326,5
2025-11-27 00:20:13.944;25325,5;1;BID;25324,75;25326,5
2025-11-27 00:20:13.944;25325,5;1;BID;25324,75;25326,5
2025-11-27 00:20:13.944;25325,75;1;ASK;25324,75;25326,5
2025-11-27 00:20:14.972;25327,0;1;ASK;25325,75;25327,0
2025-11-27 00:20:14.972;25327,0;3;ASK;25325,75;25327,0
2025-11-27 00:20:15.144;25325,75;1;ASK;25324,5;25326,5
2025-11-27 00:20:15.144;25325,75;1;ASK;25324,5;25326,5
2025-11-27 00:20:15.144;25325,5;1;ASK;25324,5;25326,5
2025-11-27 00:20:17.200;25324,5;1;ASK;25322,25;25324,5
2025-11-27 00:20:17.200;25324,5;1;ASK;25322,25;25324,5
2025-11-27 00:20:17.200;25324,25;1;ASK;25322,25;25324,5
2025-11-27 00:20:21.388;25322,25;1;ASK;25319,75;25322,5
2025-11-27 00:20:27.128;25318,0;1;ASK;25316,5;25318,0
2025-11-27 00:20:27.128;25318,0;1;ASK;25316,5;25318,0
2025-11-27 00:20:27.128;25318,0;1;ASK;25316,5;25318,0
2025-11-27 00:20:27.128;25318,0;1;ASK;25316,5;25318,0
2025-11-27 00:20:27.128;25317,75;1;ASK;25316,5;25318,0
2025-11-27 00:20:27.128;25317,75;1;ASK;25316,5;25318,0
2025-11-27 00:20:27.128;25317,75;1;ASK;25316,5;25318,0
2025-11-27 00:20:28.376;25318,0;1;ASK;25316,75;25319,25
2025-11-27 00:20:33.472;25316,75;1;BID;25319,5;25321,5
2025-11-27 00:20:33.472;25319,25;1;BID;25319,5;25321,5
2025-11-27 00:20:35.840;25319,25;1;ASK;25318,25;25320,0
2025-11-27 00:20:46.072;25321,0;1;ASK;25320,0;25321,5
2025-11-27 00:20:55.384;25321,5;2;BID;25322,0;25324,0
2025-11-27 00:20:55.384;25321,75;1;BID;25322,0;25324,0
2025-11-27 00:20:55.384;25322,0;1;BID;25322,0;25324,0
2025-11-27 00:20:55.388;25323,5;1;ASK;25322,0;25324,0
2025-11-27 00:20:55.388;25323,5;1;ASK;25322,0;25324,0
2025-11-27 00:20:57.208;25324,5;1;ASK;25323,5;25325,5
2025-11-27 00:21:00.724;25323,5;1;BID;25323,5;25325,25
2025-11-27 00:21:07.992;25325,0;1;ASK;25323,5;25325,0
2025-11-27 00:21:11.808;25324,75;1;ASK;25323,75;25325,75
2025-11-27 00:21:11.808;25324,75;1;ASK;25323,75;25325,75
2025-11-27 00:21:11.808;25325,0;1;ASK;25323,75;25325,75
2025-11-27 00:21:11.808;25325,0;1;ASK;25323,75;25325,75
2025-11-27 00:21:12.304;25323,75;1;ASK;25321,75;25323,5
2025-11-27 00:21:17.952;25321,75;1;ASK;25319,75;25322,0
2025-11-27 00:21:21.760;25321,25;1;BID;25320,75;25323,0
2025-11-27 00:21:21.764;25321,75;1;BID;25320,75;25323,0
2025-11-27 00:21:22.776;25320,75;1;BID;25320,75;25322,5
2025-11-27 00:21:29.072;25320,5;1;ASK;25318,75;25320,5
2025-11-27 00:21:29.144;25319,0;1;BID;25318,75;25320,5
2025-11-27 00:21:29.816;25320,0;2;ASK;25318,75;25320,5
2025-11-27 00:21:35.332;25318,0;2;BID;25317,25;25319,25
2025-11-27 00:21:35.332;25317,75;1;BID;25317,25;25319,25
2025-11-27 00:21:40.688;25317,25;1;ASK;25316,5;25318,0
2025-11-27 00:21:40.692;25317,0;1;BID;25316,5;25318,0
2025-11-27 00:21:41.420;25318,0;1;BID;25317,25;25319,0
2025-11-27 00:21:41.704;25318,25;1;ASK;25317,25;25319,0
2025-11-27 00:21:42.464;25319,0;2;ASK;25317,25;25319,0
2025-11-27 00:21:42.472;25319,0;1;ASK;25317,25;25319,0
2025-11-27 00:21:42.472;25319,0;2;ASK;25317,25;25319,0
2025-11-27 00:21:42.472;25318,75;1;ASK;25317,25;25319,0
2025-11-27 00:21:47.472;25318,0;1;ASK;25316,5;25318,0
2025-11-27 00:21:50.180;25318,0;1;BID;25317,25;25319,0
2025-11-27 00:21:52.748;25319,0;1;BID;25318,0;25320,25
2025-11-27 00:21:52.752;25319,0;1;BID;25318,0;25320,25
2025-11-27 00:21:54.812;25318,0;1;BID;25317,25;25319,25
2025-11-27 00:21:54.812;25318,0;1;BID;25317,25;25319,25
2025-11-27 00:21:57.948;25319,25;1;ASK;25317,75;25319,75
2025-11-27 00:22:24.736;25316,5;3;BID;25315,5;25318,0
2025-11-27 00:22:24.736;25316,5;1;BID;25315,5;25318,0
2025-11-27 00:22:24.736;25316,5;1;BID;25315,5;25318,0
2025-11-27 00:22:24.736;25316,25;1;BID;25315,5;25318,0
2025-11-27 00:22:24.736;25316,25;1;BID;25315,5;25318,0
2025-11-27 00:22:24.736;25316,25;1;BID;25315,5;25318,0
2025-11-27 00:22:24.736;25316,0;2;BID;25315,5;25318,0
2025-11-27 00:22:24.736;25316,0;1;BID;25315,5;25318,0
2025-11-27 00:22:24.736;25316,0;1;BID;25315,5;25318,0
2025-11-27 00:22:24.736;25315,75;1;BID;25315,5;25318,0
2025-11-27 00:22:24.736;25315,75;1;BID;25315,5;25318,0
2025-11-27 00:22:24.736;25315,5;1;BID;25315,5;25318,0
2025-11-27 00:22:24.736;25315,5;1;BID;25315,5;25318,0
2025-11-27 00:22:24.736;25315,25;1;BID;25315,5;25318,0
2025-11-27 00:22:24.736;25315,25;1;BID;25315,5;25318,0
2025-11-27 00:22:31.276;25317,0;1;ASK;25316,0;25317,75
2025-11-27 00:22:38.108;25318,0;1;BID;25317,25;25319,25
2025-11-27 00:22:38.108;25318,25;1;ASK;25317,25;25319,25
2025-11-27 00:22:38.108;25318,25;1;ASK;25317,25;25319,25
2025-11-27 00:22:38.108;25318,25;1;ASK;25317,25;25319,25
2025-11-27 00:22:38.108;25318,5;1;ASK;25317,25;25319,25
2025-11-27 00:22:52.128;25317,75;1;ASK;25315,75;25317,5
2025-11-27 00:22:52.128;25317,75;1;ASK;25315,75;25317,5
2025-11-27 00:23:00.140;25315,75;1;BID;25315,75;25317,25
2025-11-27 00:23:00.192;25316,25;1;BID;25315,75;25317,25
2025-11-27 00:23:00.192;25316,5;1;ASK;25315,75;25317,25
2025-11-27 00:23:00.192;25316,5;1;ASK;25315,75;25317,25
2025-11-27 00:23:00.192;25316,5;1;ASK;25315,75;25317,25
2025-11-27 00:23:00.192;25316,5;1;ASK;25315,75;25317,25
2025-11-27 00:23:00.196;25316,75;1;ASK;25315,75;25317,25
2025-11-27 00:23:08.056;25315,75;1;BID;25315,25;25316,5
2025-11-27 00:23:11.224;25316,5;1;ASK;25315,75;25317,25
2025-11-27 00:23:13.840;25316,75;1;ASK;25315,75;25317,25
2025-11-27 00:23:15.456;25317,25;1;BID;25317,25;25319,0
2025-11-27 00:23:15.456;25317,25;1;BID;25317,25;25319,0
2025-11-27 00:23:18.284;25317,75;1;BID;25317,75;25319,0
2025-11-27 00:23:23.316;25318,5;1;ASK;25317,75;25319,0
2025-11-27 00:23:26.916;25317,5;1;BID;25317,25;25318,75
2025-11-27 00:23:26.916;25317,5;1;BID;25317,25;25318,75
2025-11-27 00:23:27.592;25317,25;1;BID;25316,75;25318,75
2025-11-27 00:23:36.612;25318,25;1;BID;25317,75;25320,0
2025-11-27 00:23:36.612;25319,0;1;ASK;25317,75;25320,0
2025-11-27 00:23:40.540;25319,5;1;ASK;25318,25;25320,5
2025-11-27 00:23:40.540;25319,75;1;ASK;25318,25;25320,5
2025-11-27 00:23:40.540;25319,75;1;ASK;25318,25;25320,5
2025-11-27 00:23:40.540;25319,75;1;ASK;25318,25;25320,5
2025-11-27 00:23:40.540;25320,0;1;ASK;25318,25;25320,5
2025-11-27 00:23:45.048;25318,25;1;ASK;25316,0;25317,25
2025-11-27 00:23:45.692;25316,75;1;ASK;25316,0;25317,25
2025-11-27 00:23:45.692;25316,5;1;BID;25316,0;25317,25
2025-11-27 00:23:45.840;25316,5;1;BID;25316,0;25317,25
2025-11-27 00:23:49.540;25317,25;1;BID;25316,75;25318,5
2025-11-27 00:23:49.540;25317,5;1;BID;25316,75;25318,5
2025-11-27 00:23:49.540;25317,5;1;BID;25316,75;25318,5
2025-11-27 00:23:49.540;25317,5;1;BID;25316,75;25318,5
2025-11-27 00:23:49.540;25317,5;1;BID;25316,75;25318,5
2025-11-27 00:23:58.044;25318,25;1;BID;25317,75;25319,25
2025-11-27 00:23:58.044;25318,25;1;BID;25317,75;25319,25
2025-11-27 00:24:01.884;25319,25;1;ASK;25318,25;25319,75
2025-11-27 00:24:01.884;25319,5;1;ASK;25318,25;25319,75
2025-11-27 00:24:19.068;25318,0;1;ASK;25317,0;25319,0
2025-11-27 00:24:19.068;25318,0;1;ASK;25317,0;25319,0
2025-11-27 00:24:19.068;25317,75;1;BID;25317,0;25319,0
2025-11-27 00:24:19.068;25317,5;1;BID;25317,0;25319,0
2025-11-27 00:24:24.604;25317,5;1;BID;25316,75;25318,5
2025-11-27 00:24:24.604;25317,25;1;BID;25316,75;25318,5
2025-11-27 00:24:24.604;25317,25;1;BID;25316,75;25318,5
2025-11-27 00:24:24.604;25316,75;1;BID;25316,75;25318,5
2025-11-27 00:24:26.452;25318,0;1;BID;25317,75;25319,5
2025-11-27 00:24:26.452;25318,25;1;BID;25317,75;25319,5
2025-11-27 00:24:26.452;25318,25;1;BID;25317,75;25319,5
2025-11-27 00:24:26.452;25318,5;1;BID;25317,75;25319,5
2025-11-27 00:24:26.452;25318,5;1;BID;25317,75;25319,5
2025-11-27 00:24:35.128;25319,5;1;ASK;25318,5;25320,0
2025-11-27 00:24:48.368;25318,25;1;ASK;25317,0;25319,25
2025-11-27 00:24:48.368;25317,75;1;BID;25317,0;25319,25
2025-11-27 00:24:48.368;25317,75;1;BID;25317,0;25319,25
2025-11-27 00:24:48.368;25317,75;1;BID;25317,0;25319,25
2025-11-27 00:24:53.148;25319,0;1;BID;25319,25;25320,5
2025-11-27 00:24:53.848;25319,75;1;BID;25319,25;25320,5
2025-11-27 00:24:53.848;25320,0;3;ASK;25319,25;25320,5
2025-11-27 00:24:53.852;25320,25;1;ASK;25319,25;25320,5
2025-11-27 00:24:59.968;25317,5;1;ASK;25315,0;25316,75
2025-11-27 00:25:00.124;25316,75;1;BID;25316,5;25318,25
2025-11-27 00:25:00.128;25317,25;1;BID;25316,5;25318,25
2025-11-27 00:25:02.224;25317,0;1;ASK;25316,0;25318,0
2025-11-27 00:25:05.452;25318,0;1;ASK;25317,0;25318,5
2025-11-27 00:25:06.240;25317,0;1;BID;25316,25;25318,25
2025-11-27 00:25:06.240;25317,0;1;BID;25316,25;25318,25
2025-11-27 00:25:08.940;25316,25;1;ASK;25315,0;25316,75
2025-11-27 00:25:08.940;25316,0;1;ASK;25315,0;25316,75
2025-11-27 00:25:08.940;25315,75;1;BID;25315,0;25316,75
2025-11-27 00:25:08.940;25315,75;1;BID;25315,0;25316,75
2025-11-27 00:25:08.940;25315,5;1;BID;25315,0;25316,75
2025-11-27 00:25:10.376;25317,5;1;ASK;25316,75;25318,25
2025-11-27 00:25:15.672;25316,75;1;ASK;25315,0;25316,75
2025-11-27 00:25:15.672;25316,75;1;ASK;25315,0;25316,75
2025-11-27 00:25:15.672;25316,5;1;ASK;25315,0;25316,75
2025-11-27 00:25:15.672;25316,5;1;ASK;25315,0;25316,75
2025-11-27 00:25:15.672;25316,25;1;ASK;25315,0;25316,75
2025-11-27 00:25:15.676;25316,25;1;ASK;25315,0;25316,75
2025-11-27 00:25:16.284;25316,75;1;BID;25317,75;25319,75
2025-11-27 00:25:16.284;25317,0;1;BID;25317,75;25319,75
2025-11-27 00:25:16.284;25317,0;1;BID;25317,75;25319,75
2025-11-27 00:25:16.644;25318,25;1;BID;25317,75;25319,75
2025-11-27 00:25:16.644;25319,0;1;ASK;25317,75;25319,75
2025-11-27 00:25:17.900;25319,5;1;BID;25319,25;25320,5
2025-11-27 00:25:19.204;25319,25;1;BID;25319,25;25320,5
2025-11-27 00:25:21.440;25320,5;1;BID;25319,75;25321,5
2025-11-27 00:25:21.740;25321,25;1;ASK;25319,75;25321,5
2025-11-27 00:25:21.740;25321,25;1;ASK;25319,75;25321,5
2025-11-27 00:25:25.612;25321,5;1;BID;25321,75;25323,75
2025-11-27 00:25:27.252;25324,0;1;ASK;25322,75;25324,5
2025-11-27 00:25:34.284;25322,25;1;ASK;25321,0;25322,75
2025-11-27 00:25:35.336;25321,0;1;ASK;25319,0;25320,75
2025-11-27 00:25:35.336;25321,0;1;ASK;25319,0;25320,75
2025-11-27 00:25:39.564;25319,0;1;BID;25318,75;25320,5
2025-11-27 00:25:39.564;25318,75;1;BID;25318,75;25320,5
2025-11-27 00:25:39.660;25320,5;1;ASK;25318,75;25320,5
2025-11-27 00:25:43.356;25318,75;1;BID;25318,75;25320,5
2025-11-27 00:25:48.452;25322,0;1;ASK;25320,25;25322,0
2025-11-27 00:26:02.232;25315,75;1;BID;25316,0;25318,5
2025-11-27 00:26:13.204;25315,25;1;BID;25315,0;25316,5
2025-11-27 00:26:13.204;25315,25;1;BID;25315,0;25316,5
2025-11-27 00:26:13.204;25315,0;1;BID;25315,0;25316,5
2025-11-27 00:26:13.204;25315,0;1;BID;25315,0;25316,5
2025-11-27 00:26:13.204;25315,0;1;BID;25315,0;25316,5
2025-11-27 00:26:17.724;25316,25;1;BID;25315,75;25318,0
2025-11-27 00:26:17.724;25316,25;1;BID;25315,75;25318,0
2025-11-27 00:26:38.952;25317,5;1;ASK;25316,0;25317,5
2025-11-27 00:26:40.896;25317,5;1;ASK;25316,0;25318,0
2025-11-27 00:26:45.152;25318,0;1;ASK;25316,0;25318,0
2025-11-27 00:27:02.484;25316,5;1;ASK;25315,0;25317,0
2025-11-27 00:27:02.484;25316,5;1;ASK;25315,0;25317,0
2025-11-27 00:27:02.484;25316,25;1;ASK;25315,0;25317,0
2025-11-27 00:27:02.488;25316,0;1;ASK;25315,0;25317,0
2025-11-27 00:27:02.488;25315,75;1;BID;25315,0;25317,0
2025-11-27 00:27:16.852;25316,0;1;BID;25315,25;25317,75
2025-11-27 00:27:16.852;25315,75;1;BID;25315,25;25317,75
2025-11-27 00:27:16.852;25315,75;1;BID;25315,25;25317,75
2025-11-27 00:27:33.352;25316,0;1;BID;25315,25;25317,0
2025-11-27 00:27:34.072;25315,25;1;BID;25316,25;25318,0
2025-11-27 00:27:34.096;25317,0;1;BID;25316,25;25318,0
2025-11-27 00:27:55.124;25315,0;1;ASK;25313,75;25315,0
2025-11-27 00:27:55.124;25315,0;1;ASK;25313,75;25315,0
2025-11-27 00:27:55.256;25314,25;1;BID;25313,75;25315,0
2025-11-27 00:27:56.140;25315,0;1;ASK;25314,0;25315,75
2025-11-27 00:27:57.108;25315,75;1;BID;25316,5;25318,0
2025-11-27 00:27:57.108;25316,0;1;BID;25316,5;25318,0
2025-11-27 00:27:57.108;25316,0;1;BID;25316,5;25318,0
2025-11-27 00:27:57.108;25316,0;1;BID;25316,5;25318,0
2025-11-27 00:27:57.108;25316,25;1;BID;25316,5;25318,0
2025-11-27 00:27:57.108;25316,25;1;BID;25316,5;25318,0
2025-11-27 00:27:57.108;25316,25;1;BID;25316,5;25318,0
2025-11-27 00:27:57.108;25316,5;1;BID;25316,5;25318,0
2025-11-27 00:27:57.108;25316,5;1;BID;25316,5;25318,0
2025-11-27 00:27:57.108;25316,5;1;BID;25316,5;25318,0
2025-11-27 00:27:57.108;25316,5;1;BID;25316,5;25318,0
2025-11-27 00:27:57.108;25316,5;1;BID;25316,5;25318,0
2025-11-27 00:27:57.204;25317,0;1;BID;25316,5;25318,0
2025-11-27 00:27:57.204;25317,0;1;BID;25316,5;25318,0
2025-11-27 00:27:57.408;25318,0;1;ASK;25316,5;25318,0
2025-11-27 00:28:00.332;25316,5;1;ASK;25315,0;25316,75
2025-11-27 00:28:05.112;25316,75;1;ASK;25315,5;25317,25
2025-11-27 00:28:10.496;25315,5;1;BID;25315,0;25316,25
2025-11-27 00:28:11.124;25316,25;1;ASK;25315,25;25317,25
2025-11-27 00:28:30.960;25317,0;1;ASK;25315,25;25317,25
2025-11-27 00:28:44.928;25317,25;3;BID;25317,5;25319,25
2025-11-27 00:28:44.928;25317,5;1;BID;25317,5;25319,25
2025-11-27 00:28:44.928;25317,75;1;BID;25317,5;25319,25
2025-11-27 00:28:44.928;25317,75;1;BID;25317,5;25319,25
2025-11-27 00:28:44.928;25318,0;1;BID;25317,5;25319,25
2025-11-27 00:28:44.928;25318,25;1;BID;25317,5;25319,25
2025-11-27 00:28:44.928;25318,25;2;BID;25317,5;25319,25
2025-11-27 00:28:44.928;25318,5;1;ASK;25317,5;25319,25
2025-11-27 00:28:44.928;25318,5;1;ASK;25317,5;25319,25
2025-11-27 00:28:54.544;25319,25;1;ASK;25317,5;25319,0
2025-11-27 00:28:56.164;25319,0;1;ASK;25317,75;25319,0
2025-11-27 00:28:59.572;25317,75;1;ASK;25315,75;25317,25
2025-11-27 00:28:59.812;25317,25;1;ASK;25315,75;25317,25
2025-11-27 00:29:02.008;25315,0;2;BID;25316,0;25317,5
2025-11-27 00:29:02.008;25314,75;1;BID;25316,0;25317,5
2025-11-27 00:29:02.012;25315,5;1;BID;25316,0;25317,5
2025-11-27 00:29:04.164;25317,5;1;ASK;25316,25;25318,0
2025-11-27 00:29:17.096;25316,75;1;ASK;25316,0;25317,5
2025-11-27 00:29:17.096;25316,5;1;BID;25316,0;25317,5
2025-11-27 00:29:17.100;25315,5;1;BID;25316,0;25317,5
2025-11-27 00:29:17.100;25314,75;1;BID;25316,0;25317,5
2025-11-27 00:29:21.792;25317,25;1;ASK;25316,0;25317,5
2025-11-27 00:29:37.512;25317,5;1;BID;25317,0;25318,5
2025-11-27 00:29:55.008;25317,25;1;BID;25317,25;25318,75
2025-11-27 00:30:00.448;25319,25;1;BID;25320,0;25320,75
2025-11-27 00:30:00.880;25320,0;1;BID;25320,0;25320,75
2025-11-27 00:30:01.052;25319,75;1;BID;25320,5;25322,0
2025-11-27 00:30:01.628;25319,75;1;BID;25320,5;25322,0
2025-11-27 00:30:01.996;25320,75;1;BID;25320,5;25322,0
2025-11-27 00:30:02.216;25321,0;1;BID;25320,5;25322,0
2025-11-27 00:30:04.452;25320,75;1;BID;25320,75;25322,0
2025-11-27 00:30:04.848;25320,75;1;BID;25320,75;25322,0
2025-11-27 00:30:05.472;25320,5;1;BID;25321,5;25323,0
2025-11-27 00:30:05.504;25322,0;1;BID;25321,5;25323,0
2025-11-27 00:30:05.504;25322,0;1;BID;25321,5;25323,0
2025-11-27 00:30:05.504;25322,0;1;BID;25321,5;25323,0
2025-11-27 00:30:08.516;25321,75;1;ASK;25320,25;25321,5
2025-11-27 00:30:08.520;25321,5;1;ASK;25320,25;25321,5
2025-11-27 00:30:13.764;25320,75;1;ASK;25319,75;25321,0
2025-11-27 00:30:13.764;25321,0;1;ASK;25319,75;25321,0
2025-11-27 00:30:13.764;25321,25;1;ASK;25319,75;25321,0
2025-11-27 00:30:16.288;25320,25;1;ASK;25319,5;25320,75
2025-11-27 00:30:25.952;25318,75;1;BID;25319,0;25320,5
2025-11-27 00:30:25.952;25319,0;1;BID;25319,0;25320,5
2025-11-27 00:30:25.952;25319,0;1;BID;25319,0;25320,5
2025-11-27 00:30:42.840;25319,5;1;BID;25319,25;25320,75
2025-11-27 00:30:58.128;25320,75;1;ASK;25320,0;25321,5
2025-11-27 00:30:58.128;25321,0;1;ASK;25320,0;25321,5
2025-11-27 00:31:02.028;25320,0;1;ASK;25318,75;25320,25
2025-11-27 00:31:02.028;25319,75;1;ASK;25318,75;25320,25
2025-11-27 00:31:04.412;25319,0;1;BID;25319,0;25320,25
2025-11-27 00:31:05.712;25320,25;1;ASK;25319,5;25320,75
2025-11-27 00:31:05.712;25320,25;1;ASK;25319,5;25320,75
2025-11-27 00:31:05.712;25320,5;1;ASK;25319,5;25320,75
2025-11-27 00:31:07.132;25320,75;1;BID;25320,25;25321,5
2025-11-27 00:31:10.520;25320,5;1;BID;25320,5;25321,5
2025-11-27 00:31:11.592;25321,5;1;BID;25321,25;25322,5
2025-11-27 00:31:16.804;25321,75;1;ASK;25320,75;25322,0
2025-11-27 00:31:16.808;25322,0;1;ASK;25320,75;25322,0
2025-11-27 00:31:18.200;25322,0;1;BID;25322,0;25323,0
2025-11-27 00:31:18.200;25322,25;1;BID;25322,0;25323,0
2025-11-27 00:31:18.200;25322,25;1;BID;25322,0;25323,0
2025-11-27 00:31:18.200;25322,5;1;ASK;25322,0;25323,0
2025-11-27 00:31:18.200;25322,5;1;ASK;25322,0;25323,0
2025-11-27 00:31:21.020;25322,0;1;BID;25322,0;25323,0
2025-11-27 00:31:28.100;25322,75;1;ASK;25321,5;25322,75
2025-11-27 00:31:31.316;25322,5;1;ASK;25321,25;25322,5
2025-11-27 00:31:35.792;25322,75;1;BID;25322,25;25323,5
2025-11-27 00:31:35.796;25323,0;1;ASK;25322,25;25323,5
2025-11-27 00:31:36.436;25322,5;1;BID;25322,0;25323,25
2025-11-27 00:31:39.892;25322,5;1;ASK;25321,5;25322,75
2025-11-27 00:31:39.892;25322,75;1;ASK;25321,5;25322,75
2025-11-27 00:31:41.844;25322,25;1;ASK;25321,25;25322,5
2025-11-27 00:31:41.844;25322,5;1;ASK;25321,25;25322,5
2025-11-27 00:31:48.044;25322,0;1;BID;25322,0;25323,25
2025-11-27 00:31:52.480;25323,5;1;BID;25324,5;25325,75
2025-11-27 00:31:52.480;25323,75;1;BID;25324,5;25325,75
2025-11-27 00:31:52.484;25324,0;1;BID;25324,5;25325,75
2025-11-27 00:31:52.496;25325,0;1;BID;25324,5;25325,75
2025-11-27 00:31:54.912;25325,0;1;ASK;25324,25;25325,5
2025-11-27 00:31:54.912;25324,75;1;BID;25324,25;25325,5
2025-11-27 00:31:54.912;25324,75;1;BID;25324,25;25325,5
2025-11-27 00:31:56.888;25325,75;1;ASK;25324,5;25325,75
2025-11-27 00:31:57.928;25326,25;1;BID;25325,75;25327,0
2025-11-27 00:31:57.928;25326,25;1;BID;25325,75;25327,0
2025-11-27 00:31:57.928;25326,25;1;BID;25325,75;25327,0
2025-11-27 00:31:57.928;25326,75;1;ASK;25325,75;25327,0
2025-11-27 00:31:57.928;25326,75;1;ASK;25325,75;25327,0
2025-11-27 00:31:59.600;25325,25;1;BID;25325,0;25326,25
2025-11-27 00:32:00.564;25327,0;1;ASK;25325,0;25326,5
2025-11-27 00:32:00.688;25326,0;1;ASK;25325,0;25326,5
2025-11-27 00:32:02.068;25324,0;1;BID;25324,25;25325,5
2025-11-27 00:32:02.268;25325,0;1;ASK;25324,25;25325,5
2025-11-27 00:32:03.172;25325,25;1;ASK;25323,5;25325,0
2025-11-27 00:32:11.444;25322,0;1;ASK;25321,25;25322,75
2025-11-27 00:32:11.444;25322,0;3;ASK;25321,25;25322,75
2025-11-27 00:32:11.444;25322,0;2;ASK;25321,25;25322,75
2025-11-27 00:32:33.276;25323,0;1;BID;25322,75;25323,75
2025-11-27 00:32:35.360;25322,5;1;BID;25322,5;25323,75
2025-11-27 00:32:40.060;25323,25;1;BID;25322,75;25324,0
2025-11-27 00:32:48.676;25322,5;1;BID;25322,25;25323,75
2025-11-27 00:32:51.012;25322,25;1;BID;25322,0;25323,5
2025-11-27 00:32:52.016;25322,0;1;BID;25321,5;25322,75
2025-11-27 00:32:53.084;25321,5;1;BID;25321,5;25322,75
2025-11-27 00:33:00.984;25322,25;1;BID;25322,0;25323,25
2025-11-27 00:33:38.176;25322,0;1;ASK;25321,25;25322,75
2025-11-27 00:33:45.176;25322,75;1;ASK;25321,75;25323,25
2025-11-27 00:33:45.176;25322,75;1;ASK;25321,75;25323,25
2025-11-27 00:33:55.480;25323,25;1;ASK;25322,25;25323,75
2025-11-27 00:33:57.824;25322,75;1;ASK;25321,75;25323,0
2025-11-27 00:33:57.960;25322,75;1;ASK;25321,75;25323,0
2025-11-27 00:34:06.672;25324,0;1;ASK;25322,75;25324,25
2025-11-27 00:34:15.912;25324,25;1;ASK;25323,5;25324,5
2025-11-27 00:34:16.628;25324,5;1;ASK;25323,5;25325,0
2025-11-27 00:34:31.432;25324,0;1;ASK;25323,25;25324,75
2025-11-27 00:34:33.324;25324,5;1;ASK;25323,5;25324,75
2025-11-27 00:34:48.304;25324,0;1;ASK;25323,25;25324,5
2025-11-27 00:34:48.304;25324,0;1;ASK;25323,25;25324,5
2025-11-27 00:34:52.572;25323,0;1;ASK;25321,5;25322,75
2025-11-27 00:34:52.572;25322,5;1;ASK;25321,5;25322,75
2025-11-27 00:34:52.572;25322,0;1;BID;25321,5;25322,75
2025-11-27 00:35:02.040;25323,25;1;BID;25323,0;25324,5
2025-11-27 00:35:06.836;25324,5;1;BID;25324,5;25325,25
2025-11-27 00:35:06.836;25324,5;1;BID;25324,5;25325,25
2025-11-27 00:35:06.888;25325,0;1;ASK;25324,5;25325,25
2025-11-27 00:35:06.888;25325,0;2;ASK;25324,5;25325,25
2025-11-27 00:35:06.888;25325,0;1;ASK;25324,5;25325,25
2025-11-27 00:35:06.888;25325,0;1;ASK;25324,5;25325,25
2025-11-27 00:35:06.888;25325,0;1;ASK;25324,5;25325,25
2025-11-27 00:35:08.116;25325,25;1;BID;25325,0;25325,75
2025-11-27 00:35:10.352;25325,0;1;BID;25324,75;25325,75
2025-11-27 00:35:13.572;25324,75;1;ASK;25323,25;25324,5
2025-11-27 00:35:20.496;25322,75;1;BID;25322,5;25323,75
2025-11-27 00:35:21.344;25322,5;1;BID;25322,5;25323,75
2025-11-27 00:35:23.620;25323,75;1;BID;25323,5;25324,5
2025-11-27 00:35:41.516;25324,5;1;BID;25325,0;25325,75
2025-11-27 00:35:54.156;25325,5;1;ASK;25325,0;25326,0
2025-11-27 00:36:02.732;25325,25;1;BID;25325,0;25326,0
2025-11-27 00:36:05.528;25325,25;1;BID;25324,75;25326,0
2025-11-27 00:36:08.032;25325,25;1;ASK;25324,25;25325,5
2025-11-27 00:36:22.612;25325,0;1;BID;25325,25;25326,0
2025-11-27 00:36:23.020;25326,0;1;BID;25326,75;25327,5
2025-11-27 00:36:23.020;25326,0;1;BID;25326,75;25327,5
2025-11-27 00:36:23.020;25326,0;1;BID;25326,75;25327,5
2025-11-27 00:36:23.020;25326,25;1;BID;25326,75;25327,5
2025-11-27 00:36:23.032;25327,0;1;BID;25326,75;25327,5
2025-11-27 00:36:23.032;25327,5;1;ASK;25326,75;25327,5
2025-11-27 00:36:23.064;25326,75;1;BID;25326,75;25327,5
2025-11-27 00:36:24.540;25327,5;1;ASK;25327,0;25328,0
2025-11-27 00:36:24.540;25327,75;1;ASK;25327,0;25328,0
2025-11-27 00:36:24.544;25327,75;1;ASK;25327,0;25328,0
2025-11-27 00:36:26.796;25328,0;1;ASK;25327,0;25328,25
2025-11-27 00:36:27.856;25327,25;1;BID;25327,25;25328,25
2025-11-27 00:36:29.556;25327,5;1;BID;25327,25;25328,25
2025-11-27 00:36:30.780;25327,25;1;BID;25327,0;25328,0
2025-11-27 00:36:33.164;25328,25;1;ASK;25327,0;25327,75
2025-11-27 00:36:33.164;25328,5;1;ASK;25327,0;25327,75
2025-11-27 00:36:33.164;25328,5;1;ASK;25327,0;25327,75
2025-11-27 00:36:33.164;25328,5;1;ASK;25327,0;25327,75
2025-11-27 00:36:33.576;25327,75;1;ASK;25327,0;25327,75
2025-11-27 00:36:34.176;25327,75;1;ASK;25326,0;25327,0
2025-11-27 00:36:34.176;25328,0;1;ASK;25326,0;25327,0
2025-11-27 00:36:34.784;25327,25;1;ASK;25326,0;25327,0
2025-11-27 00:36:34.784;25327,0;1;ASK;25326,0;25327,0
2025-11-27 00:36:34.784;25326,5;1;ASK;25326,0;25327,0
2025-11-27 00:36:34.784;25326,5;1;ASK;25326,0;25327,0
2025-11-27 00:36:34.784;25326,25;1;BID;25326,0;25327,0
2025-11-27 00:36:34.784;25326,25;1;BID;25326,0;25327,0
2025-11-27 00:36:34.784;25326,25;1;BID;25326,0;25327,0
2025-11-27 00:36:34.784;25326,0;1;BID;25326,0;25327,0
2025-11-27 00:36:34.784;25326,0;1;BID;25326,0;25327,0
2025-11-27 00:36:39.632;25326,25;1;BID;25326,0;25327,0
2025-11-27 00:36:41.516;25326,5;1;ASK;25326,0;25327,0
2025-11-27 00:36:41.516;25326,5;1;ASK;25326,0;25327,0
2025-11-27 00:36:41.516;25326,5;1;ASK;25326,0;25327,0
2025-11-27 00:36:47.052;25327,0;1;BID;25327,0;25328,0
2025-11-27 00:36:50.112;25328,0;1;ASK;25327,25;25328,25
2025-11-27 00:36:51.636;25328,25;1;ASK;25327,5;25328,5
2025-11-27 00:36:56.516;25328,25;1;BID;25328,0;25329,0
2025-11-27 00:36:56.636;25328,75;1;ASK;25328,0;25329,0
2025-11-27 00:37:04.452;25328,5;1;ASK;25328,0;25329,0
2025-11-27 00:37:06.036;25328,5;1;ASK;25327,75;25328,75
2025-11-27 00:37:06.036;25328,5;1;ASK;25327,75;25328,75
2025-11-27 00:37:06.036;25328,25;1;ASK;25327,75;25328,75
2025-11-27 00:37:07.272;25328,75;1;ASK;25328,25;25329,0
2025-11-27 00:37:07.272;25328,75;1;ASK;25328,25;25329,0
2025-11-27 00:37:07.336;25328,0;1;BID;25328,25;25329,0
2025-11-27 00:37:07.336;25328,0;1;BID;25328,25;25329,0
2025-11-27 00:37:14.300;25329,0;1;ASK;25328,25;25329,25
2025-11-27 00:37:17.112;25329,25;1;ASK;25328,0;25328,75
2025-11-27 00:37:17.112;25329,25;1;ASK;25328,0;25328,75
2025-11-27 00:37:17.348;25329,25;1;ASK;25328,0;25328,75
2025-11-27 00:37:17.912;25328,5;1;ASK;25328,0;25328,75
2025-11-27 00:37:18.432;25328,75;1;BID;25329,0;25329,75
2025-11-27 00:37:18.432;25329,0;2;BID;25329,0;25329,75
2025-11-27 00:37:18.432;25329,5;1;ASK;25329,0;25329,75
2025-11-27 00:37:18.432;25329,5;1;ASK;25329,0;25329,75
2025-11-27 00:37:20.928;25329,5;1;ASK;25329,0;25329,75
2025-11-27 00:37:21.772;25329,75;1;ASK;25329,0;25330,0
2025-11-27 00:37:22.120;25330,0;1;ASK;25329,0;25330,0
2025-11-27 00:37:22.120;25330,0;1;ASK;25329,0;25330,0
2025-11-27 00:37:22.120;25329,75;1;ASK;25329,0;25330,0
2025-11-27 00:37:22.120;25330,25;1;ASK;25329,0;25330,0
2025-11-27 00:37:22.120;25330,25;1;ASK;25329,0;25330,0
2025-11-27 00:37:22.296;25329,75;2;ASK;25329,0;25330,0
2025-11-27 00:37:22.300;25329,75;1;ASK;25329,0;25330,0
2025-11-27 00:37:22.300;25329,75;1;ASK;25329,0;25330,0
2025-11-27 00:37:24.668;25329,0;1;ASK;25328,5;25329,25
2025-11-27 00:37:26.812;25328,0;1;BID;25327,75;25328,75
2025-11-27 00:37:31.104;25328,75;1;BID;25329,0;25330,0
2025-11-27 00:37:31.104;25328,75;1;BID;25329,0;25330,0
2025-11-27 00:37:31.104;25329,25;1;BID;25329,0;25330,0
2025-11-27 00:37:32.560;25329,0;1;ASK;25328,0;25329,0
2025-11-27 00:37:32.560;25328,75;1;ASK;25328,0;25329,0
2025-11-27 00:37:32.560;25328,75;1;ASK;25328,0;25329,0
2025-11-27 00:37:32.560;25328,75;1;ASK;25328,0;25329,0
2025-11-27 00:37:32.560;25328,75;1;ASK;25328,0;25329,0
2025-11-27 00:37:33.328;25328,75;1;BID;25328,5;25329,5
2025-11-27 00:37:33.328;25328,75;1;BID;25328,5;25329,5
2025-11-27 00:37:33.328;25329,0;1;ASK;25328,5;25329,5
2025-11-27 00:37:33.328;25329,0;1;ASK;25328,5;25329,5
2025-11-27 00:37:35.304;25328,5;1;ASK;25327,75;25328,75
2025-11-27 00:37:35.304;25328,5;1;ASK;25327,75;25328,75
2025-11-27 00:37:35.304;25328,25;1;ASK;25327,75;25328,75
2025-11-27 00:37:35.304;25328,25;1;ASK;25327,75;25328,75
2025-11-27 00:37:35.308;25328,25;1;ASK;25327,75;25328,75
2025-11-27 00:37:38.204;25327,75;1;ASK;25327,0;25328,25
2025-11-27 00:37:38.204;25327,5;1;BID;25327,0;25328,25
2025-11-27 00:37:38.204;25327,5;1;BID;25327,0;25328,25
2025-11-27 00:37:49.668;25327,0;1;ASK;25326,0;25326,75
2025-11-27 00:37:49.668;25327,0;2;ASK;25326,0;25326,75
2025-11-27 00:37:49.668;25327,0;2;ASK;25326,0;25326,75
2025-11-27 00:37:49.668;25327,0;2;ASK;25326,0;25326,75
2025-11-27 00:37:51.492;25326,0;1;BID;25326,75;25327,5
2025-11-27 00:37:51.492;25326,0;1;BID;25326,75;25327,5
2025-11-27 00:37:51.700;25326,75;1;BID;25326,75;25327,5
2025-11-27 00:38:02.416;25326,0;1;BID;25325,75;25326,5
2025-11-27 00:38:03.344;25325,75;1;ASK;25324,25;25325,25
2025-11-27 00:38:04.232;25323,75;1;BID;25324,5;25325,25
2025-11-27 00:38:04.236;25324,5;1;BID;25324,5;25325,25
2025-11-27 00:38:04.236;25324,75;1;BID;25324,5;25325,25
2025-11-27 00:38:06.468;25325,25;1;BID;25325,0;25326,0
2025-11-27 00:38:07.000;25326,0;1;ASK;25325,0;25326,0
2025-11-27 00:38:16.632;25324,5;1;ASK;25323,75;25324,75
2025-11-27 00:38:17.584;25323,75;1;ASK;25323,25;25324,25
2025-11-27 00:38:25.544;25324,5;1;BID;25324,25;25325,25
2025-11-27 00:38:29.212;25325,0;1;BID;25325,0;25326,0
2025-11-27 00:38:42.368;25325,0;1;ASK;25324,5;25325,25
2025-11-27 00:38:52.028;25324,25;1;BID;25324,25;25325,25
2025-11-27 00:39:01.028;25323,0;1;BID;25323,25;25324,0
2025-11-27 00:39:01.028;25323,0;1;BID;25323,25;25324,0
2025-11-27 00:39:01.932;25323,5;1;BID;25323,25;25324,0
2025-11-27 00:39:03.572;25323,25;1;BID;25323,0;25323,75
2025-11-27 00:39:10.108;25322,25;1;ASK;25321,0;25322,0
2025-11-27 00:39:10.108;25322,25;1;ASK;25321,0;25322,0
2025-11-27 00:39:12.136;25322,0;1;BID;25322,25;25323,0
2025-11-27 00:39:24.028;25322,25;1;BID;25322,75;25323,5
2025-11-27 00:39:24.192;25323,0;1;BID;25322,75;25323,5
2025-11-27 00:39:46.316;25323,75;1;ASK;25323,0;25323,75
2025-11-27 00:39:49.996;25323,75;1;ASK;25323,25;25324,0
2025-11-27 00:39:50.464;25323,0;1;ASK;25322,5;25323,5
2025-11-27 00:39:54.620;25322,25;1;BID;25322,5;25323,25
2025-11-27 00:39:54.620;25322,0;1;BID;25322,5;25323,25
2025-11-27 00:39:55.616;25323,25;1;ASK;25322,5;25323,5
2025-11-27 00:40:13.924;25324,5;1;BID;25324,25;25325,0
2025-11-27 00:40:14.376;25325,0;1;BID;25324,75;25325,75
2025-11-27 00:40:29.368;25326,0;2;ASK;25325,5;25326,0
2025-11-27 00:40:31.492;25326,0;1;ASK;25325,5;25326,5
2025-11-27 00:40:31.492;25326,0;2;ASK;25325,5;25326,5
2025-11-27 00:40:31.492;25326,0;1;ASK;25325,5;25326,5
2025-11-27 00:40:31.492;25326,0;4;ASK;25325,5;25326,5
2025-11-27 00:40:31.496;25326,0;1;ASK;25325,5;25326,5
2025-11-27 00:40:31.496;25325,75;1;BID;25325,5;25326,5
2025-11-27 00:40:31.496;25326,0;1;ASK;25325,5;25326,5
2025-11-27 00:40:31.496;25326,0;1;ASK;25325,5;25326,5
2025-11-27 00:40:31.496;25326,0;1;ASK;25325,5;25326,5
2025-11-27 00:40:32.496;25326,0;1;BID;25326,25;25327,0
2025-11-27 00:40:44.440;25327,25;1;BID;25327,0;25327,75
2025-11-27 00:40:53.032;25327,0;1;BID;25328,0;25329,0
2025-11-27 00:40:53.032;25327,5;1;BID;25328,0;25329,0
2025-11-27 00:40:53.036;25327,75;1;BID;25328,0;25329,0
2025-11-27 00:40:53.036;25328,0;1;BID;25328,0;25329,0
2025-11-27 00:40:53.036;25328,0;1;BID;25328,0;25329,0
2025-11-27 00:40:56.036;25327,75;1;ASK;25327,0;25327,75
2025-11-27 00:40:56.040;25327,75;1;ASK;25327,0;25327,75
2025-11-27 00:40:57.196;25327,0;1;BID;25326,75;25327,75
2025-11-27 00:41:00.240;25327,0;1;ASK;25326,25;25327,0
2025-11-27 00:41:02.160;25326,25;1;BID;25326,25;25327,0
2025-11-27 00:41:04.984;25327,0;1;ASK;25326,5;25327,5
2025-11-27 00:41:17.308;25326,75;1;BID;25326,75;25327,5
2025-11-27 00:41:26.176;25327,5;1;ASK;25326,5;25327,5
2025-11-27 00:41:30.276;25326,25;1;BID;25326,5;25327,5
2025-11-27 00:42:02.976;25326,75;2;ASK;25326,25;25327,25
2025-11-27 00:42:07.760;25327,75;1;BID;25327,5;25328,5
2025-11-27 00:42:07.760;25328,0;1;ASK;25327,5;25328,5
2025-11-27 00:42:07.760;25328,0;1;ASK;25327,5;25328,5
2025-11-27 00:42:07.760;25328,0;1;ASK;25327,5;25328,5
2025-11-27 00:42:07.760;25328,0;1;ASK;25327,5;25328,5
2025-11-27 00:42:08.416;25327,5;1;ASK;25327,0;25328,0
2025-11-27 00:42:12.936;25328,0;1;BID;25328,0;25329,0
2025-11-27 00:42:13.000;25328,75;1;ASK;25328,0;25329,0
2025-11-27 00:42:14.860;25328,0;4;ASK;25327,25;25328,0
2025-11-27 00:42:15.140;25327,25;1;BID;25327,0;25328,0
2025-11-27 00:42:16.456;25327,0;1;BID;25327,0;25328,0
2025-11-27 00:42:19.152;25327,75;1;BID;25328,0;25329,0
2025-11-27 00:42:19.168;25328,5;1;ASK;25328,0;25329,0
2025-11-27 00:42:19.168;25328,75;1;ASK;25328,0;25329,0
2025-11-27 00:42:19.168;25329,0;1;ASK;25328,0;25329,0
2025-11-27 00:42:22.884;25328,0;1;BID;25328,0;25329,0
2025-11-27 00:42:32.920;25328,5;1;ASK;25328,0;25328,75
2025-11-27 00:42:49.052;25326,75;1;BID;25327,25;25328,25
2025-11-27 00:42:53.392;25326,75;1;ASK;25326,0;25326,75
2025-11-27 00:43:00.512;25325,75;1;ASK;25324,75;25325,75
2025-11-27 00:43:02.136;25325,0;1;ASK;25324,25;25325,25
2025-11-27 00:43:02.136;25324,75;1;ASK;25324,25;25325,25
2025-11-27 00:43:11.872;25325,5;1;BID;25325,25;25326,25
2025-11-27 00:43:31.624;25326,25;1;ASK;25325,75;25326,75
2025-11-27 00:44:00.168;25325,5;1;ASK;25324,25;25325,25
2025-11-27 00:44:07.988;25324,0;1;ASK;25323,0;25324,0
2025-11-27 00:44:07.988;25324,0;1;ASK;25323,0;25324,0
2025-11-27 00:44:09.040;25323,0;1;BID;25323,0;25323,75
2025-11-27 00:44:09.040;25323,0;1;BID;25323,0;25323,75
2025-11-27 00:44:10.316;25323,75;1;ASK;25323,0;25324,0
2025-11-27 00:44:15.280;25324,0;1;ASK;25323,0;25324,25
2025-11-27 00:44:22.028;25324,25;1;BID;25324,0;25325,0
2025-11-27 00:44:22.028;25324,5;1;ASK;25324,0;25325,0
2025-11-27 00:44:22.028;25324,5;1;ASK;25324,0;25325,0
2025-11-27 00:44:22.052;25324,0;1;BID;25324,0;25325,0
2025-11-27 00:44:26.856;25324,5;1;BID;25325,5;25326,5
2025-11-27 00:44:26.860;25325,0;1;BID;25325,5;25326,5
2025-11-27 00:44:26.864;25325,25;1;BID;25325,5;25326,5
2025-11-27 00:44:32.064;25325,25;1;ASK;25324,5;25325,5
2025-11-27 00:44:32.064;25325,25;1;ASK;25324,5;25325,5
2025-11-27 00:44:32.064;25325,0;1;ASK;25324,5;25325,5
2025-11-27 00:44:34.640;25324,0;1;ASK;25323,0;25324,0
2025-11-27 00:44:34.640;25324,0;1;ASK;25323,0;25324,0
2025-11-27 00:44:34.640;25323,75;1;ASK;25323,0;25324,0
2025-11-27 00:44:34.640;25323,75;1;ASK;25323,0;25324,0
2025-11-27 00:44:34.640;25323,75;1;ASK;25323,0;25324,0
2025-11-27 00:44:34.640;25323,75;1;ASK;25323,0;25324,0
2025-11-27 00:44:34.644;25323,5;1;ASK;25323,0;25324,0
2025-11-27 00:44:34.644;25323,5;1;ASK;25323,0;25324,0
2025-11-27 00:44:34.712;25323,25;1;BID;25323,0;25324,0
2025-11-27 00:44:34.712;25323,25;1;BID;25323,0;25324,0
2025-11-27 00:44:37.848;25325,0;1;BID;25324,5;25325,75
2025-11-27 00:44:37.848;25325,0;1;BID;25324,5;25325,75
2025-11-27 00:44:54.844;25324,75;1;ASK;25324,25;25325,25
2025-11-27 00:45:00.908;25324,5;1;ASK;25323,5;25324,75
2025-11-27 00:45:01.588;25323,75;1;ASK;25322,75;25323,75
2025-11-27 00:45:01.932;25323,0;1;BID;25322,75;25323,75
2025-11-27 00:45:01.932;25323,0;1;BID;25322,75;25323,75
2025-11-27 00:45:05.724;25323,75;1;BID;25323,25;25324,5
2025-11-27 00:45:11.180;25324,0;1;BID;25323,75;25324,75
2025-11-27 00:45:15.816;25324,0;1;ASK;25323,5;25324,25
2025-11-27 00:45:20.216;25323,5;1;ASK;25323,0;25323,75
2025-11-27 00:45:21.036;25323,0;1;BID;25322,75;25323,75
2025-11-27 00:45:21.332;25323,25;1;ASK;25322,75;25323,75
2025-11-27 00:45:26.212;25323,75;1;BID;25323,5;25324,5
2025-11-27 00:45:34.168;25324,25;1;ASK;25321,75;25322,5
2025-11-27 00:45:34.172;25323,5;1;ASK;25321,75;25322,5
2025-11-27 00:45:34.424;25323,0;1;ASK;25321,75;25322,5
2025-11-27 00:45:34.564;25322,75;1;ASK;25321,75;25322,5
2025-11-27 00:45:34.748;25322,75;1;ASK;25321,75;25322,5
2025-11-27 00:45:34.748;25322,5;1;ASK;25321,75;25322,5
2025-11-27 00:45:34.748;25322,5;1;ASK;25321,75;25322,5
2025-11-27 00:45:34.748;25322,5;1;ASK;25321,75;25322,5
2025-11-27 00:45:34.748;25322,25;1;ASK;25321,75;25322,5
2025-11-27 00:45:34.748;25322,0;1;BID;25321,75;25322,5
2025-11-27 00:45:34.764;25322,75;1;ASK;25321,75;25322,5
2025-11-27 00:45:35.700;25321,75;1;ASK;25321,25;25322,25
2025-11-27 00:45:35.700;25321,5;1;BID;25321,25;25322,25
2025-11-27 00:45:38.200;25321,25;1;ASK;25320,75;25321,75
2025-11-27 00:45:38.200;25321,0;2;BID;25320,75;25321,75
2025-11-27 00:45:38.664;25321,5;1;ASK;25320,75;25321,75
2025-11-27 00:45:39.788;25321,5;1;ASK;25321,0;25322,0
2025-11-27 00:45:45.244;25321,25;1;ASK;25320,75;25321,75
2025-11-27 00:45:48.516;25320,75;1;ASK;25319,25;25320,25
2025-11-27 00:45:48.516;25320,5;1;ASK;25319,25;25320,25
2025-11-27 00:45:48.516;25320,5;1;ASK;25319,25;25320,25
2025-11-27 00:45:48.516;25320,25;1;ASK;25319,25;25320,25
2025-11-27 00:45:53.420;25320,0;1;BID;25319,75;25320,75
2025-11-27 00:45:53.420;25320,0;1;BID;25319,75;25320,75
2025-11-27 00:45:53.420;25320,25;1;ASK;25319,75;25320,75
2025-11-27 00:45:53.420;25320,25;1;ASK;25319,75;25320,75
2025-11-27 00:45:55.036;25320,75;1;ASK;25320,25;25321,0
2025-11-27 00:45:56.256;25321,0;1;ASK;25320,0;25321,0
2025-11-27 00:45:56.260;25321,25;1;ASK;25320,0;25321,0
2025-11-27 00:45:56.260;25321,25;2;ASK;25320,0;25321,0
2025-11-27 00:45:56.260;25321,25;1;ASK;25320,0;25321,0
2025-11-27 00:46:00.256;25321,25;2;ASK;25319,5;25320,25
2025-11-27 00:46:00.256;25321,25;1;ASK;25319,5;25320,25
2025-11-27 00:46:00.256;25321,25;1;ASK;25319,5;25320,25
2025-11-27 00:46:00.256;25321,25;1;ASK;25319,5;25320,25
2025-11-27 00:46:00.256;25320,5;1;ASK;25319,5;25320,25
2025-11-27 00:46:00.260;25320,25;1;ASK;25319,5;25320,25
2025-11-27 00:46:02.044;25319,5;1;BID;25319,5;25320,25
2025-11-27 00:46:03.508;25320,25;1;ASK;25319,0;25319,75
2025-11-27 00:46:03.888;25320,25;1;ASK;25319,0;25319,75
2025-11-27 00:46:03.888;25320,0;1;ASK;25319,0;25319,75
2025-11-27 00:46:03.888;25320,0;1;ASK;25319,0;25319,75
2025-11-27 00:46:03.892;25319,75;1;ASK;25319,0;25319,75
2025-11-27 00:46:03.892;25319,75;1;ASK;25319,0;25319,75
2025-11-27 00:46:03.892;25319,5;1;ASK;25319,0;25319,75
2025-11-27 00:46:03.892;25319,5;1;ASK;25319,0;25319,75
2025-11-27 00:46:03.896;25319,25;1;BID;25319,0;25319,75
2025-11-27 00:46:04.032;25319,0;1;BID;25318,75;25319,5
2025-11-27 00:46:04.032;25319,0;2;BID;25318,75;25319,5
2025-11-27 00:46:05.344;25318,75;1;ASK;25318,25;25319,25
2025-11-27 00:46:05.396;25318,75;1;ASK;25318,25;25319,25
2025-11-27 00:46:06.588;25319,0;1;ASK;25318,5;25319,5
2025-11-27 00:46:07.296;25319,25;1;BID;25319,5;25320,5
2025-11-27 00:46:07.300;25319,5;1;BID;25319,5;25320,5
2025-11-27 00:46:07.300;25319,5;1;BID;25319,5;25320,5
2025-11-27 00:46:07.300;25319,75;1;BID;25319,5;25320,5
2025-11-27 00:46:11.324;25320,75;1;BID;25320,5;25321,5
2025-11-27 00:46:12.264;25321,5;1;BID;25321,75;25322,5
2025-11-27 00:46:12.264;25322,25;1;ASK;25321,75;25322,5
2025-11-27 00:46:13.908;25322,5;1;ASK;25321,25;25322,25
2025-11-27 00:46:13.908;25322,5;1;ASK;25321,25;25322,25
2025-11-27 00:46:13.908;25322,5;1;ASK;25321,25;25322,25
2025-11-27 00:46:14.472;25321,25;1;BID;25321,25;25322,25
2025-11-27 00:46:22.200;25321,25;1;BID;25321,5;25322,5
2025-11-27 00:46:22.200;25321,25;1;BID;25321,5;25322,5
2025-11-27 00:46:22.200;25321,5;1;BID;25321,5;25322,5
2025-11-27 00:46:22.204;25321,75;1;BID;25321,5;25322,5
2025-11-27 00:46:23.472;25322,5;1;ASK;25321,75;25322,5
2025-11-27 00:46:26.224;25322,5;1;BID;25322,5;25323,5
2025-11-27 00:46:38.404;25321,5;1;ASK;25320,5;25321,5
2025-11-27 00:46:38.404;25321,0;1;ASK;25320,5;25321,5
2025-11-27 00:46:41.168;25322,5;1;ASK;25321,25;25322,25
2025-11-27 00:46:41.168;25322,5;1;ASK;25321,25;25322,25
2025-11-27 00:46:46.828;25322,75;1;ASK;25322,0;25323,0
2025-11-27 00:46:46.828;25323,0;1;ASK;25322,0;25323,0
2025-11-27 00:46:49.816;25322,0;1;BID;25321,75;25322,75
2025-11-27 00:46:53.856;25321,0;1;BID;25321,0;25321,75
2025-11-27 00:46:55.028;25321,75;1;ASK;25320,75;25321,75
2025-11-27 00:47:02.048;25319,5;1;BID;25320,0;25321,0
2025-11-27 00:47:03.220;25321,0;1;ASK;25320,25;25321,0
2025-11-27 00:47:04.932;25321,0;1;ASK;25320,5;25321,5
2025-11-27 00:47:29.640;25320,0;1;ASK;25319,5;25320,5
2025-11-27 00:47:29.640;25320,0;1;ASK;25319,5;25320,5
2025-11-27 00:47:30.516;25319,25;1;BID;25319,25;25320,0
2025-11-27 00:47:32.224;25319,0;1;ASK;25318,5;25319,5
2025-11-27 00:47:33.880;25319,75;1;ASK;25319,0;25320,0
2025-11-27 00:47:38.720;25319,75;1;ASK;25318,25;25319,25
2025-11-27 00:47:38.724;25319,25;1;ASK;25318,25;25319,25
2025-11-27 00:47:38.724;25319,0;1;ASK;25318,25;25319,25
2025-11-27 00:47:41.916;25319,0;1;ASK;25318,0;25319,0
2025-11-27 00:47:42.108;25319,25;1;BID;25319,5;25320,5
2025-11-27 00:47:42.264;25320,0;1;ASK;25319,5;25320,5
2025-11-27 00:47:42.436;25320,25;1;ASK;25319,5;25320,5
2025-11-27 00:47:45.324;25319,5;1;ASK;25319,0;25320,0
2025-11-27 00:47:54.864;25319,5;1;ASK;25318,75;25319,5
2025-11-27 00:47:54.864;25319,5;1;ASK;25318,75;25319,5
2025-11-27 00:47:59.840;25319,5;1;ASK;25318,75;25319,75
2025-11-27 00:48:01.172;25318,75;1;BID;25318,5;25319,5
2025-11-27 00:48:04.580;25319,25;1;BID;25319,0;25320,0
2025-11-27 00:48:04.580;25319,5;1;ASK;25319,0;25320,0
2025-11-27 00:48:07.272;25320,0;1;BID;25319,75;25320,75
2025-11-27 00:48:07.276;25319,5;1;BID;25319,75;25320,75
2025-11-27 00:48:07.576;25320,5;1;ASK;25319,75;25320,75
2025-11-27 00:48:11.780;25319,75;1;ASK;25319,25;25320,25
2025-11-27 00:48:11.780;25319,5;1;BID;25319,25;25320,25
2025-11-27 00:48:12.600;25320,75;1;ASK;25320,25;25321,0
2025-11-27 00:48:12.600;25321,0;1;ASK;25320,25;25321,0
2025-11-27 00:48:12.600;25321,0;1;ASK;25320,25;25321,0
2025-11-27 00:48:12.604;25320,75;1;ASK;25320,25;25321,0
2025-11-27 00:48:12.956;25321,0;1;ASK;25320,25;25321,0
2025-11-27 00:48:15.580;25321,5;1;ASK;25321,0;25322,0
2025-11-27 00:48:16.356;25322,0;1;BID;25322,75;25323,75
2025-11-27 00:48:16.356;25322,0;2;BID;25322,75;25323,75
2025-11-27 00:48:16.360;25322,75;1;BID;25322,75;25323,75
2025-11-27 00:48:16.360;25322,75;1;BID;25322,75;25323,75
2025-11-27 00:48:16.368;25322,75;1;BID;25322,75;25323,75
2025-11-27 00:48:17.324;25323,0;1;ASK;25322,5;25323,5
2025-11-27 00:48:20.208;25322,5;1;BID;25322,75;25323,75
2025-11-27 00:48:22.020;25323,75;1;BID;25324,0;25325,0
2025-11-27 00:48:24.868;25323,75;1;ASK;25323,25;25324,25
2025-11-27 00:48:24.868;25323,5;1;BID;25323,25;25324,25
2025-11-27 00:48:24.868;25323,5;1;BID;25323,25;25324,25
2025-11-27 00:48:24.868;25323,5;1;BID;25323,25;25324,25
2025-11-27 00:48:28.160;25324,25;1;ASK;25323,5;25324,5
2025-11-27 00:48:36.024;25325,25;1;ASK;25324,25;25325,25
2025-11-27 00:48:38.032;25325,0;1;BID;25324,75;25325,75
2025-11-27 00:48:38.148;25325,5;1;ASK;25324,75;25325,75
2025-11-27 00:48:40.216;25324,25;1;ASK;25323,5;25324,5
2025-11-27 00:48:49.332;25325,0;1;ASK;25324,5;25325,5
2025-11-27 00:48:53.972;25325,5;1;ASK;25324,75;25326,0
2025-11-27 00:49:02.012;25324,25;1;BID;25324,5;25325,5
2025-11-27 00:49:14.840;25325,75;1;ASK;25325,0;25326,0
2025-11-27 00:49:18.576;25325,25;1;ASK;25324,75;25325,75
2025-11-27 00:49:27.724;25326,0;2;BID;25326,0;25327,0
2025-11-27 00:49:27.724;25326,0;1;BID;25326,0;25327,0
2025-11-27 00:49:27.724;25326,5;1;ASK;25326,0;25327,0
2025-11-27 00:49:32.092;25326,75;1;BID;25326,5;25327,5
2025-11-27 00:49:34.368;25327,25;1;ASK;25326,5;25327,5
2025-11-27 00:49:37.044;25326,75;1;BID;25326,75;25327,5
2025-11-27 00:49:41.580;25327,0;1;ASK;25326,5;25327,25
2025-11-27 00:49:44.576;25327,25;1;BID;25327,5;25328,5
2025-11-27 00:49:44.576;25327,5;1;BID;25327,5;25328,5
2025-11-27 00:49:44.576;25327,75;1;BID;25327,5;25328,5
2025-11-27 00:49:55.448;25328,0;1;ASK;25327,25;25328,25
2025-11-27 00:49:55.448;25328,0;1;ASK;25327,25;25328,25
2025-11-27 00:49:56.072;25328,5;1;BID;25328,25;25329,0
2025-11-27 00:49:57.592;25329,25;1;ASK;25327,75;25328,75
2025-11-27 00:49:57.596;25328,5;1;ASK;25327,75;25328,75
2025-11-27 00:49:57.596;25328,5;1;ASK;25327,75;25328,75
2025-11-27 00:50:06.484;25328,5;1;BID;25328,25;25329,25
2025-11-27 00:50:06.484;25328,75;1;ASK;25328,25;25329,25
2025-11-27 00:50:06.484;25328,75;1;ASK;25328,25;25329,25
2025-11-27 00:50:06.484;25329,25;1;ASK;25328,25;25329,25
2025-11-27 00:50:06.484;25329,25;1;ASK;25328,25;25329,25
2025-11-27 00:50:08.176;25328,25;1;ASK;25327,75;25328,75
2025-11-27 00:50:12.152;25329,5;1;ASK;25328,0;25329,0
2025-11-27 00:50:12.156;25328,75;1;ASK;25328,0;25329,0
2025-11-27 00:50:12.168;25328,25;1;BID;25328,0;25329,0
2025-11-27 00:50:12.792;25328,0;1;BID;25328,0;25329,0
2025-11-27 00:50:13.104;25329,25;1;BID;25329,0;25330,0
2025-11-27 00:50:13.104;25329,25;1;BID;25329,0;25330,0
2025-11-27 00:50:13.384;25328,75;1;BID;25329,0;25330,0
2025-11-27 00:50:14.044;25329,0;1;BID;25328,75;25329,5
2025-11-27 00:50:14.044;25329,0;1;BID;25328,75;25329,5
2025-11-27 00:50:16.332;25328,75;1;ASK;25328,25;25329,25
2025-11-27 00:50:16.332;25328,5;1;BID;25328,25;25329,25
2025-11-27 00:50:21.672;25328,0;1;ASK;25327,25;25328,25
2025-11-27 00:50:23.656;25328,0;1;ASK;25327,5;25328,5
2025-11-27 00:50:23.656;25328,25;1;ASK;25327,5;25328,5
2025-11-27 00:50:31.960;25328,0;1;BID;25327,75;25328,75
2025-11-27 00:50:38.240;25328,75;1;BID;25328,5;25329,25
2025-11-27 00:50:38.240;25329,0;1;ASK;25328,5;25329,25
2025-11-27 00:50:39.212;25329,25;1;ASK;25328,25;25329,25
2025-11-27 00:50:39.212;25329,5;4;ASK;25328,25;25329,25
2025-11-27 00:50:41.068;25328,75;1;BID;25328,5;25329,25
2025-11-27 00:50:41.068;25328,5;1;BID;25328,5;25329,25
2025-11-27 00:50:46.752;25328,75;1;ASK;25328,25;25329,0
2025-11-27 00:50:48.256;25329,5;1;BID;25329,25;25330,0
2025-11-27 00:50:48.260;25329,5;1;BID;25329,25;25330,0
2025-11-27 00:50:48.476;25330,0;1;ASK;25329,25;25330,0
2025-11-27 00:50:48.476;25330,0;1;ASK;25329,25;25330,0
2025-11-27 00:50:48.476;25330,0;1;ASK;25329,25;25330,0
2025-11-27 00:50:48.476;25330,0;3;ASK;25329,25;25330,0
2025-11-27 00:50:58.548;25327,75;1;ASK;25327,25;25328,0
2025-11-27 00:50:59.172;25328,0;1;ASK;25327,5;25328,5
2025-11-27 00:50:59.876;25328,25;1;ASK;25327,5;25328,5
2025-11-27 00:51:04.984;25328,5;1;BID;25328,25;25329,0
2025-11-27 00:51:06.792;25328,75;1;BID;25329,5;25330,5
2025-11-27 00:51:08.136;25330,5;1;ASK;25329,5;25330,5
2025-11-27 00:51:08.136;25330,5;1;ASK;25329,5;25330,5
2025-11-27 00:51:08.136;25330,75;1;ASK;25329,5;25330,5
2025-11-27 00:51:08.148;25330,0;1;ASK;25329,5;25330,5
2025-11-27 00:51:10.196;25330,5;1;BID;25330,75;25331,75
2025-11-27 00:51:10.196;25331,25;1;ASK;25330,75;25331,75
2025-11-27 00:51:10.196;25331,5;1;ASK;25330,75;25331,75
2025-11-27 00:51:15.440;25331,0;1;ASK;25330,5;25331,5
2025-11-27 00:51:21.304;25331,25;1;ASK;25330,75;25331,75
2025-11-27 00:51:21.304;25331,5;1;ASK;25330,75;25331,75
2025-11-27 00:51:21.304;25331,5;1;ASK;25330,75;25331,75
2025-11-27 00:51:21.304;25331,75;1;ASK;25330,75;25331,75
2025-11-27 00:51:21.304;25332,0;1;ASK;25330,75;25331,75
2025-11-27 00:51:21.304;25332,0;1;ASK;25330,75;25331,75
2025-11-27 00:51:21.304;25332,25;1;ASK;25330,75;25331,75
2025-11-27 00:51:21.304;25332,5;1;ASK;25330,75;25331,75
2025-11-27 00:51:21.304;25332,5;1;ASK;25330,75;25331,75
2025-11-27 00:51:21.304;25332,75;1;ASK;25330,75;25331,75
2025-11-27 00:51:21.304;25332,75;1;ASK;25330,75;25331,75
2025-11-27 00:51:21.304;25332,75;1;ASK;25330,75;25331,75
2025-11-27 00:51:21.304;25332,75;1;ASK;25330,75;25331,75
2025-11-27 00:51:35.756;25330,25;1;BID;25330,0;25330,75
2025-11-27 00:51:35.756;25330,0;1;BID;25330,0;25330,75
2025-11-27 00:51:35.756;25330,0;1;BID;25330,0;25330,75
2025-11-27 00:51:36.284;25330,75;1;ASK;25330,25;25331,25
2025-11-27 00:51:36.284;25331,0;1;ASK;25330,25;25331,25
2025-11-27 00:51:36.284;25331,0;1;ASK;25330,25;25331,25
2025-11-27 00:51:37.296;25329,75;1;ASK;25328,5;25329,5
2025-11-27 00:51:39.792;25330,0;1;ASK;25329,25;25330,25
2025-11-27 00:51:45.316;25329,5;1;BID;25329,75;25330,75
2025-11-27 00:51:49.440;25330,75;1;BID;25330,5;25331,5
2025-11-27 00:51:52.584;25331,75;1;BID;25331,5;25332,75
2025-11-27 00:51:53.060;25331,5;1;BID;25331,75;25332,75
2025-11-27 00:51:55.520;25331,5;1;BID;25331,5;25332,5
2025-11-27 00:52:02.120;25331,5;1;BID;25331,25;25332,25
2025-11-27 00:52:05.656;25331,25;1;ASK;25330,75;25331,75
2025-11-27 00:52:05.656;25331,25;1;ASK;25330,75;25331,75
2025-11-27 00:52:14.072;25330,5;1;BID;25330,25;25331,5
2025-11-27 00:52:14.968;25330,5;1;BID;25330,25;25331,5
2025-11-27 00:52:23.528;25330,5;1;ASK;25329,75;25331,0
2025-11-27 00:52:24.620;25331,0;1;ASK;25330,25;25331,5
2025-11-27 00:52:30.316;25331,0;1;ASK;25330,25;25331,5
2025-11-27 00:52:30.316;25331,0;1;ASK;25330,25;25331,5
2025-11-27 00:52:40.380;25331,5;1;BID;25332,0;25333,0
2025-11-27 00:52:40.384;25331,75;1;BID;25332,0;25333,0
2025-11-27 00:52:40.384;25332,0;1;BID;25332,0;25333,0
2025-11-27 00:52:44.752;25332,75;1;ASK;25332,0;25333,0
2025-11-27 00:52:53.472;25332,25;1;ASK;25331,75;25332,75
2025-11-27 00:53:03.364;25332,5;1;ASK;25331,5;25332,5
2025-11-27 00:53:03.364;25332,75;1;ASK;25331,5;25332,5
2025-11-27 00:53:07.264;25332,25;1;ASK;25331,0;25332,0
2025-11-27 00:53:10.004;25330,75;1;BID;25331,25;25332,25
2025-11-27 00:53:22.120;25332,25;1;ASK;25331,75;25332,5
2025-11-27 00:53:27.576;25331,5;2;ASK;25330,75;25331,5
2025-11-27 00:53:41.284;25331,5;1;ASK;25331,0;25331,75
2025-11-27 00:53:42.040;25331,5;1;ASK;25330,75;25331,5
2025-11-27 00:53:43.024;25330,75;1;ASK;25330,25;25331,25
2025-11-27 00:53:45.440;25331,25;1;ASK;25330,5;25331,25
2025-11-27 00:53:45.440;25331,5;1;ASK;25330,5;25331,25
2025-11-27 00:53:55.980;25331,5;1;BID;25331,25;25332,0
2025-11-27 00:53:56.096;25332,0;1;BID;25331,75;25332,5
2025-11-27 00:53:57.068;25332,5;1;ASK;25332,25;25332,75
2025-11-27 00:53:58.060;25332,75;1;BID;25332,5;25333,25
2025-11-27 00:53:58.060;25332,75;1;BID;25332,5;25333,25
2025-11-27 00:53:58.060;25333,0;1;ASK;25332,5;25333,25
2025-11-27 00:53:58.060;25333,0;1;ASK;25332,5;25333,25
2025-11-27 00:53:58.060;25333,0;1;ASK;25332,5;25333,25
2025-11-27 00:53:58.060;25333,0;1;ASK;25332,5;25333,25
2025-11-27 00:53:58.060;25333,0;1;ASK;25332,5;25333,25
2025-11-27 00:54:02.084;25333,0;1;ASK;25332,0;25332,75
2025-11-27 00:54:02.096;25332,5;1;ASK;25332,0;25332,75
2025-11-27 00:54:07.140;25332,25;1;ASK;25331,25;25332,25
2025-11-27 00:54:07.140;25332,5;1;ASK;25331,25;25332,25
2025-11-27 00:54:07.140;25332,5;1;ASK;25331,25;25332,25
2025-11-27 00:54:09.032;25331,75;1;ASK;25331,25;25332,0
2025-11-27 00:54:10.328;25331,5;1;BID;25331,5;25332,5
2025-11-27 00:54:20.784;25331,75;1;BID;25331,75;25332,5
2025-11-27 00:54:23.556;25332,25;1;ASK;25331,75;25332,5
2025-11-27 00:54:28.332;25331,0;1;ASK;25330,25;25331,25
2025-11-27 00:54:32.476;25331,0;1;BID;25330,75;25331,75
2025-11-27 00:54:34.116;25330,25;1;BID;25330,0;25330,75
2025-11-27 00:54:34.120;25330,0;1;BID;25330,0;25330,75
2025-11-27 00:54:34.124;25330,25;1;BID;25330,0;25330,75
2025-11-27 00:54:39.688;25329,75;1;ASK;25329,25;25330,25
2025-11-27 00:54:39.688;25329,0;1;BID;25329,25;25330,25
2025-11-27 00:54:41.548;25329,25;1;ASK;25328,25;25329,25
2025-11-27 00:54:41.548;25329,0;1;ASK;25328,25;25329,25
2025-11-27 00:54:41.548;25328,75;1;ASK;25328,25;25329,25
2025-11-27 00:54:41.548;25328,75;1;ASK;25328,25;25329,25
2025-11-27 00:54:41.548;25328,5;1;BID;25328,25;25329,25
2025-11-27 00:54:41.548;25328,5;1;BID;25328,25;25329,25
2025-11-27 00:54:41.548;25328,5;1;BID;25328,25;25329,25
2025-11-27 00:54:41.548;25328,25;1;BID;25328,25;25329,25
2025-11-27 00:54:41.548;25328,25;1;BID;25328,25;25329,25
2025-11-27 00:54:41.548;25328,25;1;BID;25328,25;25329,25
2025-11-27 00:54:41.548;25328,0;1;BID;25328,25;25329,25
2025-11-27 00:54:41.680;25328,25;1;BID;25328,25;25329,25
2025-11-27 00:54:47.144;25329,0;1;ASK;25328,25;25329,25
2025-11-27 00:54:47.144;25329,0;1;ASK;25328,25;25329,25
2025-11-27 00:54:47.144;25328,75;1;ASK;25328,25;25329,25
2025-11-27 00:54:52.188;25329,0;1;ASK;25327,75;25328,75
2025-11-27 00:54:52.188;25328,75;1;ASK;25327,75;25328,75
2025-11-27 00:54:52.188;25328,5;1;ASK;25327,75;25328,75
2025-11-27 00:54:53.328;25328,75;1;ASK;25327,75;25328,75
2025-11-27 00:54:59.236;25329,0;1;ASK;25328,0;25328,75
2025-11-27 00:54:59.236;25329,0;1;ASK;25328,0;25328,75
2025-11-27 00:55:02.576;25328,0;1;ASK;25326,75;25327,75
2025-11-27 00:55:02.604;25327,75;1;ASK;25326,75;25327,75
2025-11-27 00:55:02.608;25327,5;1;ASK;25326,75;25327,75
2025-11-27 00:55:03.152;25327,75;1;BID;25327,75;25328,5
2025-11-27 00:55:03.152;25327,75;1;BID;25327,75;25328,5
2025-11-27 00:55:07.208;25328,25;1;ASK;25327,5;25328,5
2025-11-27 00:55:08.704;25328,25;1;ASK;25327,5;25328,5
2025-11-27 00:55:08.704;25328,25;1;ASK;25327,5;25328,5
2025-11-27 00:55:09.240;25327,5;1;ASK;25326,75;25327,75
2025-11-27 00:55:21.236;25327,5;1;BID;25327,5;25328,5
2025-11-27 00:55:23.316;25328,75;2;ASK;25327,75;25328,75
2025-11-27 00:55:23.316;25328,75;1;ASK;25327,75;25328,75
2025-11-27 00:55:23.316;25329,0;1;ASK;25327,75;25328,75
2025-11-27 00:55:23.608;25328,75;1;ASK;25327,75;25328,75
2025-11-27 00:55:23.612;25328,25;1;ASK;25327,75;25328,75
2025-11-27 00:55:23.612;25328,75;1;ASK;25327,75;25328,75
2025-11-27 00:55:28.376;25328,75;1;ASK;25328,0;25329,0
2025-11-27 00:55:29.720;25328,0;1;ASK;25326,0;25327,0
2025-11-27 00:55:29.724;25327,75;1;ASK;25326,0;25327,0
2025-11-27 00:55:29.724;25327,5;1;ASK;25326,0;25327,0
2025-11-27 00:55:29.724;25327,5;1;ASK;25326,0;25327,0
2025-11-27 00:55:29.724;25327,25;1;ASK;25326,0;25327,0
2025-11-27 00:55:34.584;25327,25;1;ASK;25326,75;25327,75
2025-11-27 00:55:34.584;25327,5;1;ASK;25326,75;25327,75
2025-11-27 00:55:43.404;25327,75;1;ASK;25327,0;25327,75
2025-11-27 00:55:43.404;25327,75;1;ASK;25327,0;25327,75
2025-11-27 00:55:50.128;25328,0;1;ASK;25327,5;25328,25
2025-11-27 00:55:50.132;25327,75;2;BID;25327,5;25328,25
2025-11-27 00:55:55.464;25328,25;1;BID;25328,0;25328,75
2025-11-27 00:55:55.464;25328,25;1;BID;25328,0;25328,75
2025-11-27 00:55:57.860;25328,25;1;BID;25328,0;25328,75
2025-11-27 00:55:59.036;25327,75;1;ASK;25326,0;25326,75
2025-11-27 00:55:59.036;25327,5;1;ASK;25326,0;25326,75
2025-11-27 00:55:59.036;25327,5;1;ASK;25326,0;25326,75
2025-11-27 00:55:59.036;25327,25;1;ASK;25326,0;25326,75
2025-11-27 00:55:59.124;25326,5;1;ASK;25326,0;25326,75
2025-11-27 00:56:07.936;25326,0;1;ASK;25325,5;25326,25
2025-11-27 00:56:07.940;25325,25;1;BID;25325,5;25326,25
2025-11-27 00:56:07.944;25325,75;1;BID;25325,5;25326,25
2025-11-27 00:56:09.492;25325,0;1;BID;25324,75;25325,5
2025-11-27 00:56:11.256;25324,75;1;BID;25324,75;25325,5
2025-11-27 00:56:11.256;25325,0;1;BID;25324,75;25325,5
2025-11-27 00:56:11.256;25325,25;1;ASK;25324,75;25325,5
2025-11-27 00:56:11.496;25324,75;1;BID;25324,75;25325,5
2025-11-27 00:56:13.616;25325,5;1;BID;25325,5;25326,25
2025-11-27 00:56:13.616;25325,75;1;BID;25325,5;25326,25
2025-11-27 00:56:13.616;25325,75;1;BID;25325,5;25326,25
2025-11-27 00:56:13.616;25326,0;1;ASK;25325,5;25326,25
2025-11-27 00:56:13.616;25326,0;1;ASK;25325,5;25326,25
2025-11-27 00:56:13.616;25326,25;1;ASK;25325,5;25326,25
2025-11-27 00:56:13.616;25326,25;1;ASK;25325,5;25326,25
2025-11-27 00:56:13.616;25326,25;1;ASK;25325,5;25326,25
2025-11-27 00:56:13.616;25326,25;1;ASK;25325,5;25326,25
2025-11-27 00:56:13.616;25326,5;1;ASK;25325,5;25326,25
2025-11-27 00:56:13.616;25326,5;1;ASK;25325,5;25326,25
2025-11-27 00:56:13.616;25326,5;1;ASK;25325,5;25326,25
2025-11-27 00:56:13.616;25326,75;1;ASK;25325,5;25326,25
2025-11-27 00:56:13.616;25326,75;1;ASK;25325,5;25326,25
2025-11-27 00:56:13.616;25326,75;1;ASK;25325,5;25326,25
2025-11-27 00:56:13.616;25326,75;1;ASK;25325,5;25326,25
2025-11-27 00:56:13.616;25326,75;1;ASK;25325,5;25326,25
2025-11-27 00:56:13.616;25326,75;1;ASK;25325,5;25326,25
2025-11-27 00:56:13.616;25327,0;1;ASK;25325,5;25326,25
2025-11-27 00:56:13.616;25327,0;1;ASK;25325,5;25326,25
2025-11-27 00:56:13.824;25327,0;1;ASK;25325,5;25326,25
2025-11-27 00:56:29.616;25325,75;1;ASK;25325,0;25325,75
2025-11-27 00:56:31.116;25325,0;1;BID;25325,75;25326,75
2025-11-27 00:56:40.428;25325,25;1;BID;25325,0;25326,0
2025-11-27 00:56:45.600;25327,75;1;BID;25327,5;25328,5
2025-11-27 00:56:46.976;25328,0;1;BID;25327,75;25328,75
2025-11-27 00:56:46.976;25327,75;1;BID;25327,75;25328,75
2025-11-27 00:56:48.484;25327,75;1;ASK;25327,0;25328,0
2025-11-27 00:56:49.312;25326,5;1;BID;25326,25;25327,25
2025-11-27 00:56:54.112;25328,0;1;ASK;25327,25;25328,25
2025-11-27 00:56:54.112;25328,25;1;ASK;25327,25;25328,25
2025-11-27 00:56:56.488;25328,0;1;ASK;25327,5;25328,5
2025-11-27 00:56:56.488;25328,25;1;ASK;25327,5;25328,5
2025-11-27 00:57:00.212;25327,75;1;ASK;25326,5;25327,25
2025-11-27 00:57:00.212;25327,5;1;ASK;25326,5;25327,25
2025-11-27 00:57:00.212;25327,5;1;ASK;25326,5;25327,25
2025-11-27 00:57:01.624;25326,75;1;BID;25327,0;25327,75
2025-11-27 00:57:07.232;25326,75;1;ASK;25326,0;25327,0
2025-11-27 00:57:14.808;25326,0;1;ASK;25325,25;25326,0
2025-11-27 00:57:14.812;25325,75;1;ASK;25325,25;25326,0
2025-11-27 00:57:17.136;25325,0;1;BID;25325,25;25326,0
2025-11-27 00:57:17.444;25325,5;1;BID;25325,25;25326,0
2025-11-27 00:57:17.444;25325,5;1;BID;25325,25;25326,0
2025-11-27 00:57:20.268;25325,25;1;BID;25325,25;25326,0
2025-11-27 00:57:22.056;25324,5;1;ASK;25323,75;25324,75
2025-11-27 00:57:22.056;25324,25;1;ASK;25323,75;25324,75
2025-11-27 00:57:22.056;25324,25;1;ASK;25323,75;25324,75
2025-11-27 00:57:22.056;25324,25;1;ASK;25323,75;25324,75
2025-11-27 00:57:22.056;25324,0;1;BID;25323,75;25324,75
2025-11-27 00:57:22.756;25324,0;1;BID;25323,75;25324,75
2025-11-27 00:57:22.912;25324,75;1;ASK;25323,75;25324,75
2025-11-27 00:57:25.984;25325,25;1;ASK;25324,75;25325,75
2025-11-27 00:57:25.984;25325,5;1;ASK;25324,75;25325,75
2025-11-27 00:57:26.904;25324,75;1;BID;25325,25;25326,0
2025-11-27 00:57:26.904;25324,5;1;BID;25325,25;25326,0
2025-11-27 00:57:26.984;25325,5;1;BID;25325,25;25326,0
2025-11-27 00:57:33.132;25325,75;1;BID;25325,75;25326,75
2025-11-27 00:57:46.844;25327,0;1;BID;25326,5;25327,75
2025-11-27 00:58:02.040;25326,25;1;BID;25326,0;25326,75
2025-11-27 00:58:17.076;25327,0;1;BID;25327,25;25328,0
2025-11-27 00:58:26.144;25326,5;1;BID;25326,25;25327,25
2025-11-27 00:58:28.384;25326,0;1;ASK;25324,75;25325,75
2025-11-27 00:58:28.384;25325,5;1;ASK;25324,75;25325,75
2025-11-27 00:58:39.188;25325,5;1;ASK;25324,75;25326,0
2025-11-27 00:58:39.188;25325,75;1;ASK;25324,75;25326,0
2025-11-27 00:58:40.776;25325,75;1;ASK;25324,5;25325,75
2025-11-27 00:59:07.788;25323,25;1;BID;25323,0;25324,25
2025-11-27 00:59:07.788;25323,0;1;BID;25323,0;25324,25
2025-11-27 00:59:07.788;25323,0;1;BID;25323,0;25324,25
2025-11-27 00:59:07.788;25323,0;1;BID;25323,0;25324,25
2025-11-27 00:59:07.788;25323,0;1;BID;25323,0;25324,25
2025-11-27 00:59:07.788;25322,75;1;BID;25323,0;25324,25
2025-11-27 00:59:07.788;25322,75;1;BID;25323,0;25324,25
2025-11-27 00:59:07.788;25322,75;1;BID;25323,0;25324,25
2025-11-27 00:59:07.788;25322,5;1;BID;25323,0;25324,25
2025-11-27 00:59:07.788;25322,5;1;BID;25323,0;25324,25
2025-11-27 00:59:07.788;25322,25;1;BID;25323,0;25324,25
2025-11-27 00:59:07.792;25323,5;1;BID;25323,0;25324,25
2025-11-27 00:59:08.644;25324,25;1;BID;25323,75;25325,0
2025-11-27 00:59:08.644;25324,25;1;BID;25323,75;25325,0
2025-11-27 00:59:08.644;25324,25;1;BID;25323,75;25325,0
2025-11-27 00:59:18.824;25324,5;1;ASK;25323,75;25324,75
2025-11-27 00:59:18.828;25324,25;1;ASK;25323,75;25324,75
2025-11-27 00:59:18.828;25324,25;1;ASK;25323,75;25324,75
2025-11-27 00:59:19.312;25324,75;1;BID;25324,75;25325,75
2025-11-27 00:59:19.312;25324,75;1;BID;25324,75;25325,75
2025-11-27 00:59:19.312;25325,0;1;BID;25324,75;25325,75
2025-11-27 00:59:22.604;25325,75;1;ASK;25324,75;25326,0
2025-11-27 00:59:34.236;25326,0;1;BID;25326,0;25327,0
2025-11-27 00:59:35.996;25327,0;1;BID;25326,75;25328,25
2025-11-27 00:59:35.996;25327,25;1;BID;25326,75;25328,25
2025-11-27 00:59:40.520;25325,75;1;ASK;25325,0;25325,75
2025-11-27 00:59:44.088;25325,0;1;ASK;25323,5;25324,5
2025-11-27 00:59:44.088;25324,75;1;ASK;25323,5;25324,5
2025-11-27 00:59:48.600;25324,5;1;ASK;25323,5;25324,5
2025-11-27 00:59:54.564;25323,75;1;ASK;25323,0;25323,75
2025-11-27 00:59:57.232;25323,0;1;BID;25323,5;25324,5
2025-11-27 00:59:57.236;25323,75;1;BID;25323,5;25324,5
2025-11-27 01:00:00.016;25323,5;1;ASK;25320,25;25321,25
2025-11-27 01:00:00.016;25323,5;1;ASK;25320,25;25321,25
2025-11-27 01:00:00.796;25321,75;1;ASK;25320,25;25321,25
2025-11-27 01:00:00.796;25321,5;1;ASK;25320,25;25321,25
2025-11-27 01:00:00.796;25320,75;1;ASK;25320,25;25321,25
2025-11-27 01:00:00.796;25320,5;1;BID;25320,25;25321,25
2025-11-27 01:00:00.796;25320,5;1;BID;25320,25;25321,25
2025-11-27 01:00:00.796;25320,25;1;BID;25320,25;25321,25
2025-11-27 01:00:00.796;25320,25;1;BID;25320,25;25321,25
