Timestamp;Precio;Volumen;Lado;Bid;Ask
2025-12-09 00:00:01;25715,0;101;ASK;25715,0;25715,0
2025-12-09 00:00:02;25713,0;23;ASK;25713,0;25713,0
2025-12-09 00:00:03;25710,0;23;ASK;25710,0;25710,0
2025-12-09 00:00:04;25710,25;3;ASK;25710,25;25710,25
2025-12-09 00:00:05;25710,0;14;ASK;25710,0;25710,0
2025-12-09 00:00:06;25706,0;18;ASK;25706,0;25706,0
2025-12-09 00:00:07;25709,75;5;ASK;25709,75;25709,75
2025-12-09 00:00:08;25709,25;2;ASK;25709,25;25709,25
2025-12-09 00:00:09;25708,5;11;ASK;25708,5;25708,5
2025-12-09 00:00:10;25710,25;4;ASK;25710,25;25710,25
2025-12-09 00:00:11;25709,0;1;ASK;25709,0;25709,0
2025-12-09 00:00:12;25706,75;6;ASK;25706,75;25706,75
2025-12-09 00:00:13;25706,25;5;ASK;25706,25;25706,25
2025-12-09 00:00:14;25707,5;4;ASK;25707,5;25707,5
2025-12-09 00:00:15;25706,75;3;ASK;25706,75;25706,75
2025-12-09 00:00:16;25706,5;10;ASK;25706,5;25706,5
2025-12-09 00:00:18;25707,25;1;ASK;25707,25;25707,25
2025-12-09 00:00:19;25707,5;3;ASK;25707,5;25707,5
2025-12-09 00:00:20;25708,0;1;ASK;25708,0;25708,0
2025-12-09 00:00:21;25706,5;2;ASK;25706,5;25706,5
2025-12-09 00:00:22;25705,25;17;ASK;25705,25;25705,25
2025-12-09 00:00:24;25704,75;5;ASK;25704,75;25704,75
2025-12-09 00:00:25;25703,75;7;ASK;25703,75;25703,75
2025-12-09 00:00:26;25703,5;15;ASK;25703,5;25703,5
2025-12-09 00:00:27;25701,5;27;ASK;25701,5;25701,5
2025-12-09 00:00:28;25703,5;2;ASK;25703,5;25703,5
2025-12-09 00:00:29;25703,25;1;ASK;25703,25;25703,25
2025-12-09 00:00:30;25703,75;3;ASK;25703,75;25703,75
2025-12-09 00:00:31;25704,5;2;ASK;25704,5;25704,5
2025-12-09 00:00:33;25704,25;1;ASK;25704,25;25704,25
2025-12-09 00:00:35;25704,25;1;ASK;25704,25;25704,25
2025-12-09 00:00:36;25704,5;12;ASK;25704,5;25704,5
2025-12-09 00:00:37;25702,75;7;ASK;25702,75;25702,75
2025-12-09 00:00:38;25703,25;1;ASK;25703,25;25703,25
2025-12-09 00:00:39;25702,75;17;ASK;25702,75;25702,75
2025-12-09 00:00:40;25702,25;1;ASK;25702,25;25702,25
2025-12-09 00:00:41;25704,0;6;ASK;25704,0;25704,0
2025-12-09 00:00:42;25703,25;1;ASK;25703,25;25703,25
2025-12-09 00:00:43;25700,75;17;ASK;25700,75;25700,75
2025-12-09 00:00:44;25701,0;3;ASK;25701,0;25701,0
2025-12-09 00:00:45;25701,0;2;ASK;25701,0;25701,0
2025-12-09 00:00:46;25701,75;5;ASK;25701,75;25701,75
2025-12-09 00:00:49;25701,5;16;ASK;25701,5;25701,5
2025-12-09 00:00:50;25702,25;2;ASK;25702,25;25702,25
2025-12-09 00:00:51;25702,25;7;ASK;25702,25;25702,25
2025-12-09 00:00:52;25703,25;6;ASK;25703,25;25703,25
2025-12-09 00:00:53;25706,25;9;ASK;25706,25;25706,25
2025-12-09 00:00:54;25705,5;4;ASK;25705,5;25705,5
2025-12-09 00:00:55;25706,25;4;ASK;25706,25;25706,25
2025-12-09 00:00:56;25705,75;5;ASK;25705,75;25705,75
2025-12-09 00:00:57;25705,0;3;ASK;25705,0;25705,0
2025-12-09 00:00:58;25703,75;1;ASK;25703,75;25703,75
2025-12-09 00:00:59;25704,0;1;ASK;25704,0;25704,0
2025-12-09 00:01:00;25703,75;1;ASK;25703,75;25703,75
2025-12-09 00:01:01;25705,5;7;ASK;25705,5;25705,5
2025-12-09 00:01:03;25705,25;16;ASK;25705,25;25705,25
2025-12-09 00:01:04;25706,75;6;ASK;25706,75;25706,75
2025-12-09 00:01:05;25708,0;8;ASK;25708,0;25708,0
2025-12-09 00:01:06;25707,5;4;ASK;25707,5;25707,5
2025-12-09 00:01:07;25708,0;4;ASK;25708,0;25708,0
2025-12-09 00:01:08;25709,5;10;ASK;25709,5;25709,5
2025-12-09 00:01:09;25709,5;2;ASK;25709,5;25709,5
2025-12-09 00:01:10;25709,5;1;ASK;25709,5;25709,5
2025-12-09 00:01:11;25710,0;4;ASK;25710,0;25710,0
2025-12-09 00:01:12;25709,25;4;ASK;25709,25;25709,25
2025-12-09 00:01:13;25709,5;3;ASK;25709,5;25709,5
2025-12-09 00:01:14;25708,0;3;ASK;25708,0;25708,0
2025-12-09 00:01:18;25704,25;3;ASK;25704,25;25704,25
2025-12-09 00:01:19;25703,5;1;ASK;25703,5;25703,5
2025-12-09 00:01:20;25703,25;2;ASK;25703,25;25703,25
2025-12-09 00:01:21;25703,75;2;ASK;25703,75;25703,75
2025-12-09 00:01:23;25703,0;4;ASK;25703,0;25703,0
2025-12-09 00:01:25;25703,5;3;ASK;25703,5;25703,5
2025-12-09 00:01:28;25705,0;1;ASK;25705,0;25705,0
2025-12-09 00:01:32;25705,75;6;ASK;25705,75;25705,75
2025-12-09 00:01:35;25706,5;1;ASK;25706,5;25706,5
2025-12-09 00:01:37;25706,25;1;ASK;25706,25;25706,25
2025-12-09 00:01:39;25706,75;5;ASK;25706,75;25706,75
2025-12-09 00:01:41;25706,25;1;ASK;25706,25;25706,25
2025-12-09 00:01:42;25705,25;19;ASK;25705,25;25705,25
2025-12-09 00:01:43;25705,75;2;ASK;25705,75;25705,75
2025-12-09 00:01:44;25705,75;6;ASK;25705,75;25705,75
2025-12-09 00:01:45;25704,75;28;ASK;25704,75;25704,75
2025-12-09 00:01:46;25704,75;1;ASK;25704,75;25704,75
2025-12-09 00:01:47;25704,5;1;ASK;25704,5;25704,5
2025-12-09 00:01:49;25703,75;1;ASK;25703,75;25703,75
2025-12-09 00:01:50;25703,75;1;ASK;25703,75;25703,75
2025-12-09 00:01:51;25704,25;1;ASK;25704,25;25704,25
2025-12-09 00:01:52;25703,25;1;ASK;25703,25;25703,25
2025-12-09 00:01:53;25704,0;1;ASK;25704,0;25704,0
2025-12-09 00:01:54;25704,5;2;ASK;25704,5;25704,5
2025-12-09 00:01:55;25703,75;3;ASK;25703,75;25703,75
2025-12-09 00:01:56;25704,0;3;ASK;25704,0;25704,0
2025-12-09 00:01:59;25704,25;3;ASK;25704,25;25704,25
2025-12-09 00:02:00;25703,75;1;ASK;25703,75;25703,75
2025-12-09 00:02:02;25705,0;2;ASK;25705,0;25705,0
2025-12-09 00:02:03;25705,25;1;ASK;25705,25;25705,25
2025-12-09 00:02:04;25704,5;1;ASK;25704,5;25704,5
2025-12-09 00:02:05;25703,5;2;ASK;25703,5;25703,5
2025-12-09 00:02:06;25704,0;2;ASK;25704,0;25704,0
2025-12-09 00:02:07;25703,75;9;ASK;25703,75;25703,75
2025-12-09 00:02:08;25702,5;3;ASK;25702,5;25702,5
2025-12-09 00:02:09;25702,5;2;ASK;25702,5;25702,5
2025-12-09 00:02:10;25703,0;2;ASK;25703,0;25703,0
2025-12-09 00:02:12;25703,5;2;ASK;25703,5;25703,5
2025-12-09 00:02:17;25703,5;1;ASK;25703,5;25703,5
2025-12-09 00:02:19;25703,0;2;ASK;25703,0;25703,0
2025-12-09 00:02:20;25701,75;5;ASK;25701,75;25701,75
2025-12-09 00:02:21;25704,25;4;ASK;25704,25;25704,25
2025-12-09 00:02:22;25704,0;6;ASK;25704,0;25704,0
2025-12-09 00:02:23;25705,25;7;ASK;25705,25;25705,25
2025-12-09 00:02:24;25704,75;1;ASK;25704,75;25704,75
2025-12-09 00:02:25;25705,25;4;ASK;25705,25;25705,25
2025-12-09 00:02:26;25706,0;4;ASK;25706,0;25706,0
2025-12-09 00:02:27;25705,0;3;ASK;25705,0;25705,0
2025-12-09 00:02:28;25706,75;8;ASK;25706,75;25706,75
2025-12-09 00:02:29;25706,75;7;ASK;25706,75;25706,75
2025-12-09 00:02:31;25706,75;3;ASK;25706,75;25706,75
2025-12-09 00:02:32;25707,25;1;ASK;25707,25;25707,25
2025-12-09 00:02:34;25704,5;14;ASK;25704,5;25704,5
2025-12-09 00:02:36;25705,5;5;ASK;25705,5;25705,5
2025-12-09 00:02:38;25705,5;4;ASK;25705,5;25705,5
2025-12-09 00:02:39;25705,5;2;ASK;25705,5;25705,5
2025-12-09 00:02:40;25707,0;4;ASK;25707,0;25707,0
2025-12-09 00:02:41;25707,0;6;ASK;25707,0;25707,0
2025-12-09 00:02:42;25707,25;3;ASK;25707,25;25707,25
2025-12-09 00:02:43;25707,75;20;ASK;25707,75;25707,75
2025-12-09 00:02:44;25706,75;1;ASK;25706,75;25706,75
2025-12-09 00:02:45;25706,5;4;ASK;25706,5;25706,5
2025-12-09 00:02:46;25706,25;1;ASK;25706,25;25706,25
2025-12-09 00:02:47;25707,0;5;ASK;25707,0;25707,0
2025-12-09 00:02:49;25707,75;2;ASK;25707,75;25707,75
2025-12-09 00:02:50;25708,5;17;ASK;25708,5;25708,5
2025-12-09 00:02:51;25708,75;9;ASK;25708,75;25708,75
2025-12-09 00:02:52;25709,5;5;ASK;25709,5;25709,5
2025-12-09 00:02:53;25708,5;5;ASK;25708,5;25708,5
2025-12-09 00:02:54;25707,5;4;ASK;25707,5;25707,5
2025-12-09 00:02:55;25708,75;1;ASK;25708,75;25708,75
2025-12-09 00:02:56;25709,0;1;ASK;25709,0;25709,0
2025-12-09 00:02:57;25708,5;1;ASK;25708,5;25708,5
2025-12-09 00:02:58;25709,0;1;ASK;25709,0;25709,0
2025-12-09 00:03:00;25709,0;1;ASK;25709,0;25709,0
2025-12-09 00:03:01;25709,5;2;ASK;25709,5;25709,5
2025-12-09 00:03:03;25709,5;1;ASK;25709,5;25709,5
2025-12-09 00:03:04;25708,75;2;ASK;25708,75;25708,75
2025-12-09 00:03:05;25711,0;14;ASK;25711,0;25711,0
2025-12-09 00:03:06;25710,25;3;ASK;25710,25;25710,25
2025-12-09 00:03:07;25710,25;4;ASK;25710,25;25710,25
2025-12-09 00:03:09;25710,0;7;ASK;25710,0;25710,0
2025-12-09 00:03:10;25710,0;3;ASK;25710,0;25710,0
2025-12-09 00:03:14;25711,0;3;ASK;25711,0;25711,0
2025-12-09 00:03:15;25710,5;8;ASK;25710,5;25710,5
2025-12-09 00:03:16;25711,0;2;ASK;25711,0;25711,0
2025-12-09 00:03:17;25710,25;1;ASK;25710,25;25710,25
2025-12-09 00:03:18;25710,75;2;ASK;25710,75;25710,75
2025-12-09 00:03:19;25710,5;2;ASK;25710,5;25710,5
2025-12-09 00:03:20;25712,75;30;ASK;25712,75;25712,75
2025-12-09 00:03:22;25715,0;9;ASK;25715,0;25715,0
2025-12-09 00:03:23;25714,75;1;ASK;25714,75;25714,75
2025-12-09 00:03:24;25712,75;41;ASK;25712,75;25712,75
2025-12-09 00:03:25;25714,25;6;ASK;25714,25;25714,25
2025-12-09 00:03:26;25713,5;5;ASK;25713,5;25713,5
2025-12-09 00:03:27;25713,0;3;ASK;25713,0;25713,0
2025-12-09 00:03:28;25720,5;63;ASK;25720,5;25720,5
2025-12-09 00:03:29;25721,0;17;ASK;25721,0;25721,0
2025-12-09 00:03:30;25720,25;1;ASK;25720,25;25720,25
2025-12-09 00:03:31;25720,0;14;ASK;25720,0;25720,0
2025-12-09 00:03:32;25720,25;11;ASK;25720,25;25720,25
2025-12-09 00:03:33;25720,25;1;ASK;25720,25;25720,25
2025-12-09 00:03:34;25720,0;6;ASK;25720,0;25720,0
2025-12-09 00:03:36;25720,0;3;ASK;25720,0;25720,0
2025-12-09 00:03:37;25719,25;1;ASK;25719,25;25719,25
2025-12-09 00:03:38;25722,25;33;ASK;25722,25;25722,25
2025-12-09 00:03:39;25723,5;8;ASK;25723,5;25723,5
2025-12-09 00:03:40;25721,75;9;ASK;25721,75;25721,75
2025-12-09 00:03:41;25722,0;5;ASK;25722,0;25722,0
2025-12-09 00:03:42;25722,0;1;ASK;25722,0;25722,0
2025-12-09 00:03:43;25720,75;2;ASK;25720,75;25720,75
2025-12-09 00:03:44;25721,75;1;ASK;25721,75;25721,75
2025-12-09 00:03:46;25721,5;3;ASK;25721,5;25721,5
2025-12-09 00:03:47;25721,5;2;ASK;25721,5;25721,5
2025-12-09 00:03:48;25721,25;1;ASK;25721,25;25721,25
2025-12-09 00:03:49;25722,0;2;ASK;25722,0;25722,0
2025-12-09 00:03:50;25721,25;8;ASK;25721,25;25721,25
2025-12-09 00:03:51;25720,75;1;ASK;25720,75;25720,75
2025-12-09 00:03:52;25720,75;1;ASK;25720,75;25720,75
2025-12-09 00:03:53;25720,25;5;ASK;25720,25;25720,25
2025-12-09 00:03:54;25719,75;4;ASK;25719,75;25719,75
2025-12-09 00:03:58;25719,25;3;ASK;25719,25;25719,25
2025-12-09 00:03:59;25720,0;3;ASK;25720,0;25720,0
2025-12-09 00:04:00;25718,0;6;ASK;25718,0;25718,0
2025-12-09 00:04:01;25719,0;7;ASK;25719,0;25719,0
2025-12-09 00:04:02;25722,0;10;ASK;25722,0;25722,0
2025-12-09 00:04:03;25722,75;4;ASK;25722,75;25722,75
2025-12-09 00:04:04;25722,5;4;ASK;25722,5;25722,5
2025-12-09 00:04:05;25722,0;14;ASK;25722,0;25722,0
2025-12-09 00:04:06;25722,75;2;ASK;25722,75;25722,75
2025-12-09 00:04:07;25722,5;5;ASK;25722,5;25722,5
2025-12-09 00:04:08;25723,75;14;ASK;25723,75;25723,75
2025-12-09 00:04:09;25723,75;14;ASK;25723,75;25723,75
2025-12-09 00:04:10;25724,5;9;ASK;25724,5;25724,5
2025-12-09 00:04:11;25723,25;3;ASK;25723,25;25723,25
2025-12-09 00:04:13;25723,5;1;ASK;25723,5;25723,5
2025-12-09 00:04:14;25722,75;1;ASK;25722,75;25722,75
2025-12-09 00:04:15;25722,5;5;ASK;25722,5;25722,5
2025-12-09 00:04:17;25722,5;4;ASK;25722,5;25722,5
2025-12-09 00:04:18;25722,25;3;ASK;25722,25;25722,25
2025-12-09 00:04:19;25721,0;4;ASK;25721,0;25721,0
2025-12-09 00:04:21;25721,0;2;ASK;25721,0;25721,0
2025-12-09 00:04:22;25721,25;2;ASK;25721,25;25721,25
2025-12-09 00:04:23;25721,5;2;ASK;25721,5;25721,5
2025-12-09 00:04:24;25720,5;2;ASK;25720,5;25720,5
2025-12-09 00:04:25;25721,75;4;ASK;25721,75;25721,75
2025-12-09 00:04:26;25721,0;1;ASK;25721,0;25721,0
2025-12-09 00:04:28;25721,0;3;ASK;25721,0;25721,0
2025-12-09 00:04:30;25721,5;1;ASK;25721,5;25721,5
2025-12-09 00:04:31;25722,5;13;ASK;25722,5;25722,5
2025-12-09 00:04:32;25722,0;1;ASK;25722,0;25722,0
2025-12-09 00:04:33;25720,75;7;ASK;25720,75;25720,75
2025-12-09 00:04:34;25721,75;2;ASK;25721,75;25721,75
2025-12-09 00:04:35;25722,5;1;ASK;25722,5;25722,5
2025-12-09 00:04:37;25721,0;6;ASK;25721,0;25721,0
2025-12-09 00:04:38;25722,25;3;ASK;25722,25;25722,25
2025-12-09 00:04:39;25722,5;3;ASK;25722,5;25722,5
2025-12-09 00:04:41;25720,75;3;ASK;25720,75;25720,75
2025-12-09 00:04:42;25721,5;1;ASK;25721,5;25721,5
2025-12-09 00:04:44;25721,0;2;ASK;25721,0;25721,0
2025-12-09 00:04:45;25721,0;1;ASK;25721,0;25721,0
2025-12-09 00:04:48;25720,75;2;ASK;25720,75;25720,75
2025-12-09 00:04:49;25720,75;10;ASK;25720,75;25720,75
2025-12-09 00:04:50;25721,25;1;ASK;25721,25;25721,25
2025-12-09 00:04:51;25719,5;15;ASK;25719,5;25719,5
2025-12-09 00:04:53;25719,75;3;ASK;25719,75;25719,75
2025-12-09 00:04:54;25718,75;8;ASK;25718,75;25718,75
2025-12-09 00:04:55;25717,5;7;ASK;25717,5;25717,5
2025-12-09 00:04:56;25718,25;3;ASK;25718,25;25718,25
2025-12-09 00:04:57;25717,75;1;ASK;25717,75;25717,75
2025-12-09 00:04:58;25718,25;1;ASK;25718,25;25718,25
2025-12-09 00:05:01;25718,75;6;ASK;25718,75;25718,75
2025-12-09 00:05:03;25718,25;2;ASK;25718,25;25718,25
2025-12-09 00:05:04;25718,75;4;ASK;25718,75;25718,75
2025-12-09 00:05:05;25719,5;8;ASK;25719,5;25719,5
2025-12-09 00:05:08;25719,25;2;ASK;25719,25;25719,25
2025-12-09 00:05:09;25719,5;1;ASK;25719,5;25719,5
2025-12-09 00:05:10;25720,0;7;ASK;25720,0;25720,0
2025-12-09 00:05:12;25719,75;12;ASK;25719,75;25719,75
2025-12-09 00:05:14;25720,0;1;ASK;25720,0;25720,0
2025-12-09 00:05:15;25720,75;7;ASK;25720,75;25720,75
2025-12-09 00:05:16;25720,25;1;ASK;25720,25;25720,25
2025-12-09 00:05:17;25721,75;4;ASK;25721,75;25721,75
2025-12-09 00:05:18;25722,0;3;ASK;25722,0;25722,0
2025-12-09 00:05:19;25721,0;1;ASK;25721,0;25721,0
2025-12-09 00:05:20;25721,5;1;ASK;25721,5;25721,5
2025-12-09 00:05:21;25721,5;4;ASK;25721,5;25721,5
2025-12-09 00:05:22;25721,25;1;ASK;25721,25;25721,25
2025-12-09 00:05:23;25721,25;2;ASK;25721,25;25721,25
2025-12-09 00:05:24;25721,5;1;ASK;25721,5;25721,5
2025-12-09 00:05:26;25720,5;3;ASK;25720,5;25720,5
2025-12-09 00:05:28;25720,0;2;ASK;25720,0;25720,0
2025-12-09 00:05:30;25720,25;1;ASK;25720,25;25720,25
2025-12-09 00:05:32;25719,75;3;ASK;25719,75;25719,75
2025-12-09 00:05:35;25718,75;1;ASK;25718,75;25718,75
2025-12-09 00:05:36;25719,5;3;ASK;25719,5;25719,5
2025-12-09 00:05:37;25719,75;1;ASK;25719,75;25719,75
2025-12-09 00:05:38;25719,5;6;ASK;25719,5;25719,5
2025-12-09 00:05:39;25719,0;1;ASK;25719,0;25719,0
2025-12-09 00:05:40;25718,75;1;ASK;25718,75;25718,75
2025-12-09 00:05:41;25717,25;7;ASK;25717,25;25717,25
2025-12-09 00:05:42;25717,0;2;ASK;25717,0;25717,0
2025-12-09 00:05:43;25717,0;2;ASK;25717,0;25717,0
2025-12-09 00:05:44;25715,0;8;ASK;25715,0;25715,0
2025-12-09 00:05:45;25717,75;11;ASK;25717,75;25717,75
2025-12-09 00:05:47;25716,75;2;ASK;25716,75;25716,75
2025-12-09 00:05:48;25717,75;1;ASK;25717,75;25717,75
2025-12-09 00:05:49;25717,75;2;ASK;25717,75;25717,75
2025-12-09 00:05:50;25715,75;4;ASK;25715,75;25715,75
2025-12-09 00:05:51;25715,0;1;ASK;25715,0;25715,0
2025-12-09 00:05:52;25714,0;4;ASK;25714,0;25714,0
2025-12-09 00:05:53;25714,25;14;ASK;25714,25;25714,25
2025-12-09 00:05:54;25714,25;3;ASK;25714,25;25714,25
2025-12-09 00:05:55;25714,5;1;ASK;25714,5;25714,5
2025-12-09 00:05:56;25714,5;2;ASK;25714,5;25714,5
2025-12-09 00:05:57;25714,5;2;ASK;25714,5;25714,5
2025-12-09 00:05:59;25714,5;1;ASK;25714,5;25714,5
2025-12-09 00:06:00;25715,75;2;ASK;25715,75;25715,75
2025-12-09 00:06:01;25715,75;1;ASK;25715,75;25715,75
2025-12-09 00:06:02;25715,5;4;ASK;25715,5;25715,5
2025-12-09 00:06:03;25718,0;24;ASK;25718,0;25718,0
2025-12-09 00:06:04;25717,5;3;ASK;25717,5;25717,5
2025-12-09 00:06:07;25717,5;4;ASK;25717,5;25717,5
2025-12-09 00:06:09;25718,5;4;ASK;25718,5;25718,5
2025-12-09 00:06:10;25718,75;4;ASK;25718,75;25718,75
2025-12-09 00:06:11;25718,5;1;ASK;25718,5;25718,5
2025-12-09 00:06:13;25719,0;10;ASK;25719,0;25719,0
2025-12-09 00:06:14;25719,0;1;ASK;25719,0;25719,0
2025-12-09 00:06:15;25719,75;8;ASK;25719,75;25719,75
2025-12-09 00:06:16;25720,0;1;ASK;25720,0;25720,0
2025-12-09 00:06:17;25719,75;1;ASK;25719,75;25719,75
2025-12-09 00:06:18;25719,25;1;ASK;25719,25;25719,25
2025-12-09 00:06:19;25719,5;1;ASK;25719,5;25719,5
2025-12-09 00:06:23;25720,5;2;ASK;25720,5;25720,5
2025-12-09 00:06:24;25719,5;1;ASK;25719,5;25719,5
2025-12-09 00:06:25;25718,25;10;ASK;25718,25;25718,25
2025-12-09 00:06:26;25720,75;6;ASK;25720,75;25720,75
2025-12-09 00:06:28;25720,0;5;ASK;25720,0;25720,0
2025-12-09 00:06:29;25719,75;1;ASK;25719,75;25719,75
2025-12-09 00:06:31;25719,5;1;ASK;25719,5;25719,5
2025-12-09 00:06:32;25720,5;3;ASK;25720,5;25720,5
2025-12-09 00:06:33;25719,5;1;ASK;25719,5;25719,5
2025-12-09 00:06:34;25719,5;2;ASK;25719,5;25719,5
2025-12-09 00:06:35;25718,75;1;ASK;25718,75;25718,75
2025-12-09 00:06:36;25719,25;1;ASK;25719,25;25719,25
2025-12-09 00:06:38;25719,5;3;ASK;25719,5;25719,5
2025-12-09 00:06:39;25720,0;1;ASK;25720,0;25720,0
2025-12-09 00:06:40;25719,75;2;ASK;25719,75;25719,75
2025-12-09 00:06:41;25719,75;1;ASK;25719,75;25719,75
2025-12-09 00:06:42;25719,75;1;ASK;25719,75;25719,75
2025-12-09 00:06:43;25721,0;4;ASK;25721,0;25721,0
2025-12-09 00:06:44;25720,5;1;ASK;25720,5;25720,5
2025-12-09 00:06:45;25721,75;7;ASK;25721,75;25721,75
2025-12-09 00:06:46;25720,25;2;ASK;25720,25;25720,25
2025-12-09 00:06:48;25721,25;1;ASK;25721,25;25721,25
2025-12-09 00:06:50;25721,0;1;ASK;25721,0;25721,0
2025-12-09 00:06:51;25721,25;1;ASK;25721,25;25721,25
2025-12-09 00:06:52;25722,25;12;ASK;25722,25;25722,25
2025-12-09 00:06:53;25721,5;1;ASK;25721,5;25721,5
2025-12-09 00:06:54;25722,25;1;ASK;25722,25;25722,25
2025-12-09 00:06:55;25722,75;5;ASK;25722,75;25722,75
2025-12-09 00:06:57;25722,25;1;ASK;25722,25;25722,25
2025-12-09 00:06:58;25722,5;2;ASK;25722,5;25722,5
2025-12-09 00:06:59;25722,5;2;ASK;25722,5;25722,5
2025-12-09 00:07:01;25721,75;8;ASK;25721,75;25721,75
2025-12-09 00:07:02;25721,25;2;ASK;25721,25;25721,25
2025-12-09 00:07:04;25721,75;3;ASK;25721,75;25721,75
2025-12-09 00:07:07;25723,0;6;ASK;25723,0;25723,0
2025-12-09 00:07:08;25722,25;3;ASK;25722,25;25722,25
2025-12-09 00:07:09;25722,5;1;ASK;25722,5;25722,5
2025-12-09 00:07:12;25721,75;5;ASK;25721,75;25721,75
2025-12-09 00:07:13;25721,25;3;ASK;25721,25;25721,25
2025-12-09 00:07:14;25721,0;2;ASK;25721,0;25721,0
2025-12-09 00:07:16;25719,75;3;ASK;25719,75;25719,75
2025-12-09 00:07:17;25719,75;1;ASK;25719,75;25719,75
2025-12-09 00:07:18;25720,0;3;ASK;25720,0;25720,0
2025-12-09 00:07:20;25719,75;4;ASK;25719,75;25719,75
2025-12-09 00:07:21;25719,0;2;ASK;25719,0;25719,0
2025-12-09 00:07:22;25720,0;1;ASK;25720,0;25720,0
2025-12-09 00:07:24;25719,0;5;ASK;25719,0;25719,0
2025-12-09 00:07:25;25720,5;7;ASK;25720,5;25720,5
2025-12-09 00:07:26;25720,0;1;ASK;25720,0;25720,0
2025-12-09 00:07:27;25721,0;5;ASK;25721,0;25721,0
2025-12-09 00:07:28;25720,25;1;ASK;25720,25;25720,25
2025-12-09 00:07:29;25719,75;1;ASK;25719,75;25719,75
2025-12-09 00:07:30;25720,5;1;ASK;25720,5;25720,5
2025-12-09 00:07:31;25720,25;1;ASK;25720,25;25720,25
2025-12-09 00:07:32;25720,0;1;ASK;25720,0;25720,0
2025-12-09 00:07:36;25721,0;6;ASK;25721,0;25721,0
2025-12-09 00:07:38;25720,5;1;ASK;25720,5;25720,5
2025-12-09 00:07:39;25721,25;3;ASK;25721,25;25721,25
2025-12-09 00:07:41;25720,25;6;ASK;25720,25;25720,25
2025-12-09 00:07:42;25721,25;1;ASK;25721,25;25721,25
2025-12-09 00:07:44;25719,5;6;ASK;25719,5;25719,5
2025-12-09 00:07:48;25719,25;3;ASK;25719,25;25719,25
2025-12-09 00:07:50;25718,5;1;ASK;25718,5;25718,5
2025-12-09 00:07:51;25719,0;1;ASK;25719,0;25719,0
2025-12-09 00:07:52;25718,5;2;ASK;25718,5;25718,5
2025-12-09 00:07:55;25718,75;1;ASK;25718,75;25718,75
2025-12-09 00:07:56;25718,5;2;ASK;25718,5;25718,5
2025-12-09 00:07:58;25719,0;1;ASK;25719,0;25719,0
2025-12-09 00:08:00;25718,75;1;ASK;25718,75;25718,75
2025-12-09 00:08:02;25718,75;9;ASK;25718,75;25718,75
2025-12-09 00:08:04;25718,0;4;ASK;25718,0;25718,0
2025-12-09 00:08:05;25717,75;1;ASK;25717,75;25717,75
2025-12-09 00:08:06;25718,0;2;ASK;25718,0;25718,0
2025-12-09 00:08:07;25718,0;2;ASK;25718,0;25718,0
2025-12-09 00:08:08;25718,75;1;ASK;25718,75;25718,75
2025-12-09 00:08:09;25719,5;2;ASK;25719,5;25719,5
2025-12-09 00:08:10;25719,5;4;ASK;25719,5;25719,5
2025-12-09 00:08:12;25719,0;1;ASK;25719,0;25719,0
2025-12-09 00:08:13;25719,0;2;ASK;25719,0;25719,0
2025-12-09 00:08:16;25717,5;6;ASK;25717,5;25717,5
2025-12-09 00:08:17;25716,75;3;ASK;25716,75;25716,75
2025-12-09 00:08:19;25716,0;1;ASK;25716,0;25716,0
2025-12-09 00:08:20;25715,75;7;ASK;25715,75;25715,75
2025-12-09 00:08:21;25715,25;7;ASK;25715,25;25715,25
2025-12-09 00:08:23;25716,5;2;ASK;25716,5;25716,5
2025-12-09 00:08:24;25716,5;1;ASK;25716,5;25716,5
2025-12-09 00:08:25;25716,25;1;ASK;25716,25;25716,25
2025-12-09 00:08:26;25716,25;1;ASK;25716,25;25716,25
2025-12-09 00:08:27;25716,0;1;ASK;25716,0;25716,0
2025-12-09 00:08:31;25715,5;4;ASK;25715,5;25715,5
2025-12-09 00:08:32;25715,25;7;ASK;25715,25;25715,25
2025-12-09 00:08:33;25715,0;1;ASK;25715,0;25715,0
2025-12-09 00:08:34;25716,25;4;ASK;25716,25;25716,25
2025-12-09 00:08:36;25716,25;5;ASK;25716,25;25716,25
2025-12-09 00:08:37;25716,5;13;ASK;25716,5;25716,5
2025-12-09 00:08:43;25716,75;1;ASK;25716,75;25716,75
2025-12-09 00:08:46;25716,0;5;ASK;25716,0;25716,0
2025-12-09 00:08:47;25714,75;5;ASK;25714,75;25714,75
2025-12-09 00:08:48;25715,0;5;ASK;25715,0;25715,0
2025-12-09 00:08:50;25714,75;2;ASK;25714,75;25714,75
2025-12-09 00:08:52;25715,25;2;ASK;25715,25;25715,25
2025-12-09 00:08:56;25714,5;1;ASK;25714,5;25714,5
2025-12-09 00:08:57;25714,25;2;ASK;25714,25;25714,25
2025-12-09 00:08:58;25714,5;2;ASK;25714,5;25714,5
2025-12-09 00:09:01;25714,0;4;ASK;25714,0;25714,0
2025-12-09 00:09:02;25712,5;22;ASK;25712,5;25712,5
2025-12-09 00:09:03;25712,75;6;ASK;25712,75;25712,75
2025-12-09 00:09:04;25710,0;33;ASK;25710,0;25710,0
2025-12-09 00:09:05;25708,0;51;ASK;25708,0;25708,0
2025-12-09 00:09:06;25708,25;11;ASK;25708,25;25708,25
2025-12-09 00:09:07;25707,5;7;ASK;25707,5;25707,5
2025-12-09 00:09:08;25709,0;5;ASK;25709,0;25709,0
2025-12-09 00:09:09;25709,25;1;ASK;25709,25;25709,25
2025-12-09 00:09:10;25709,0;1;ASK;25709,0;25709,0
2025-12-09 00:09:11;25709,5;2;ASK;25709,5;25709,5
2025-12-09 00:09:12;25709,25;3;ASK;25709,25;25709,25
2025-12-09 00:09:13;25709,5;5;ASK;25709,5;25709,5
2025-12-09 00:09:15;25711,0;12;ASK;25711,0;25711,0
2025-12-09 00:09:16;25711,0;3;ASK;25711,0;25711,0
2025-12-09 00:09:17;25710,75;3;ASK;25710,75;25710,75
2025-12-09 00:09:18;25712,5;2;ASK;25712,5;25712,5
2025-12-09 00:09:19;25711,75;1;ASK;25711,75;25711,75
2025-12-09 00:09:20;25711,5;1;ASK;25711,5;25711,5
2025-12-09 00:09:21;25712,75;3;ASK;25712,75;25712,75
2025-12-09 00:09:22;25710,5;17;ASK;25710,5;25710,5
2025-12-09 00:09:23;25709,0;1;ASK;25709,0;25709,0
2025-12-09 00:09:24;25708,5;5;ASK;25708,5;25708,5
2025-12-09 00:09:26;25709,0;1;ASK;25709,0;25709,0
2025-12-09 00:09:27;25708,0;1;ASK;25708,0;25708,0
2025-12-09 00:09:29;25707,25;2;ASK;25707,25;25707,25
2025-12-09 00:09:30;25708,0;2;ASK;25708,0;25708,0
2025-12-09 00:09:31;25707,0;3;ASK;25707,0;25707,0
2025-12-09 00:09:32;25707,5;1;ASK;25707,5;25707,5
2025-12-09 00:09:36;25707,5;1;ASK;25707,5;25707,5
2025-12-09 00:09:37;25708,25;1;ASK;25708,25;25708,25
2025-12-09 00:09:38;25708,25;1;ASK;25708,25;25708,25
2025-12-09 00:09:40;25708,25;2;ASK;25708,25;25708,25
2025-12-09 00:09:41;25710,5;4;ASK;25710,5;25710,5
2025-12-09 00:09:42;25711,75;1;ASK;25711,75;25711,75
2025-12-09 00:09:43;25712,25;1;ASK;25712,25;25712,25
2025-12-09 00:09:44;25711,5;1;ASK;25711,5;25711,5
2025-12-09 00:09:48;25710,5;14;ASK;25710,5;25710,5
2025-12-09 00:09:50;25709,25;8;ASK;25709,25;25709,25
2025-12-09 00:09:51;25709,5;1;ASK;25709,5;25709,5
2025-12-09 00:09:52;25709,5;2;ASK;25709,5;25709,5
2025-12-09 00:09:54;25710,25;1;ASK;25710,25;25710,25
2025-12-09 00:09:57;25710,5;1;ASK;25710,5;25710,5
2025-12-09 00:10:00;25711,0;2;ASK;25711,0;25711,0
2025-12-09 00:10:01;25709,75;4;ASK;25709,75;25709,75
2025-12-09 00:10:02;25711,5;2;ASK;25711,5;25711,5
2025-12-09 00:10:03;25709,25;6;ASK;25709,25;25709,25
2025-12-09 00:10:04;25708,75;4;ASK;25708,75;25708,75
2025-12-09 00:10:07;25710,25;1;ASK;25710,25;25710,25
2025-12-09 00:10:08;25709,0;3;ASK;25709,0;25709,0
2025-12-09 00:10:10;25709,25;5;ASK;25709,25;25709,25
2025-12-09 00:10:11;25708,75;3;ASK;25708,75;25708,75
2025-12-09 00:10:12;25708,5;1;ASK;25708,5;25708,5
2025-12-09 00:10:13;25708,75;1;ASK;25708,75;25708,75
2025-12-09 00:10:19;25707,5;5;ASK;25707,5;25707,5
2025-12-09 00:10:20;25707,75;1;ASK;25707,75;25707,75
2025-12-09 00:10:21;25708,0;1;ASK;25708,0;25708,0
2025-12-09 00:10:25;25708,25;3;ASK;25708,25;25708,25
2025-12-09 00:10:27;25708,5;1;ASK;25708,5;25708,5
2025-12-09 00:10:30;25708,75;2;ASK;25708,75;25708,75
2025-12-09 00:10:32;25708,75;1;ASK;25708,75;25708,75
2025-12-09 00:10:34;25709,0;4;ASK;25709,0;25709,0
2025-12-09 00:10:35;25708,75;2;ASK;25708,75;25708,75
2025-12-09 00:10:40;25710,75;11;ASK;25710,75;25710,75
2025-12-09 00:10:42;25709,0;5;ASK;25709,0;25709,0
2025-12-09 00:10:45;25709,0;2;ASK;25709,0;25709,0
2025-12-09 00:10:48;25709,0;1;ASK;25709,0;25709,0
2025-12-09 00:10:50;25709,25;2;ASK;25709,25;25709,25
2025-12-09 00:10:55;25708,25;1;ASK;25708,25;25708,25
2025-12-09 00:10:56;25707,5;22;ASK;25707,5;25707,5
2025-12-09 00:11:00;25706,5;3;ASK;25706,5;25706,5
2025-12-09 00:11:03;25706,75;1;ASK;25706,75;25706,75
2025-12-09 00:11:04;25705,75;5;ASK;25705,75;25705,75
2025-12-09 00:11:05;25705,0;12;ASK;25705,0;25705,0
2025-12-09 00:11:07;25705,0;1;ASK;25705,0;25705,0
2025-12-09 00:11:08;25705,0;5;ASK;25705,0;25705,0
2025-12-09 00:11:09;25703,0;15;ASK;25703,0;25703,0
2025-12-09 00:11:10;25701,75;32;ASK;25701,75;25701,75
2025-12-09 00:11:11;25703,0;6;ASK;25703,0;25703,0
2025-12-09 00:11:13;25703,0;1;ASK;25703,0;25703,0
2025-12-09 00:11:14;25703,5;22;ASK;25703,5;25703,5
2025-12-09 00:11:15;25704,0;3;ASK;25704,0;25704,0
2025-12-09 00:11:17;25703,25;1;ASK;25703,25;25703,25
2025-12-09 00:11:18;25704,0;3;ASK;25704,0;25704,0
2025-12-09 00:11:20;25704,0;3;ASK;25704,0;25704,0
2025-12-09 00:11:21;25703,25;4;ASK;25703,25;25703,25
2025-12-09 00:11:22;25702,25;12;ASK;25702,25;25702,25
2025-12-09 00:11:23;25702,0;5;ASK;25702,0;25702,0
2025-12-09 00:11:24;25703,5;2;ASK;25703,5;25703,5
2025-12-09 00:11:25;25703,5;2;ASK;25703,5;25703,5
2025-12-09 00:11:26;25702,75;12;ASK;25702,75;25702,75
2025-12-09 00:11:27;25700,25;19;ASK;25700,25;25700,25
2025-12-09 00:11:28;25700,0;10;ASK;25700,0;25700,0
2025-12-09 00:11:29;25701,5;3;ASK;25701,5;25701,5
2025-12-09 00:11:31;25701,0;32;ASK;25701,0;25701,0
2025-12-09 00:11:32;25699,5;27;ASK;25699,5;25699,5
2025-12-09 00:11:33;25700,25;1;ASK;25700,25;25700,25
2025-12-09 00:11:34;25700,25;5;ASK;25700,25;25700,25
2025-12-09 00:11:35;25701,25;2;ASK;25701,25;25701,25
2025-12-09 00:11:36;25700,0;2;ASK;25700,0;25700,0
2025-12-09 00:11:37;25700,5;7;ASK;25700,5;25700,5
2025-12-09 00:11:38;25698,5;11;ASK;25698,5;25698,5
2025-12-09 00:11:39;25699,5;1;ASK;25699,5;25699,5
2025-12-09 00:11:41;25699,0;15;ASK;25699,0;25699,0
2025-12-09 00:11:43;25700,0;27;ASK;25700,0;25700,0
2025-12-09 00:11:46;25701,0;1;ASK;25701,0;25701,0
2025-12-09 00:11:48;25702,5;22;ASK;25702,5;25702,5
2025-12-09 00:11:49;25702,25;4;ASK;25702,25;25702,25
2025-12-09 00:11:50;25702,75;2;ASK;25702,75;25702,75
2025-12-09 00:11:51;25702,0;2;ASK;25702,0;25702,0
2025-12-09 00:11:52;25702,5;2;ASK;25702,5;25702,5
2025-12-09 00:11:53;25701,75;1;ASK;25701,75;25701,75
2025-12-09 00:11:54;25701,75;1;ASK;25701,75;25701,75
2025-12-09 00:11:58;25702,75;1;ASK;25702,75;25702,75
2025-12-09 00:12:00;25703,25;1;ASK;25703,25;25703,25
2025-12-09 00:12:01;25703,5;1;ASK;25703,5;25703,5
2025-12-09 00:12:05;25706,75;9;ASK;25706,75;25706,75
2025-12-09 00:12:06;25707,25;16;ASK;25707,25;25707,25
2025-12-09 00:12:07;25705,75;14;ASK;25705,75;25705,75
2025-12-09 00:12:08;25706,0;3;ASK;25706,0;25706,0
2025-12-09 00:12:09;25704,25;8;ASK;25704,25;25704,25
2025-12-09 00:12:10;25704,75;1;ASK;25704,75;25704,75
2025-12-09 00:12:12;25704,5;4;ASK;25704,5;25704,5
2025-12-09 00:12:17;25703,5;2;ASK;25703,5;25703,5
2025-12-09 00:12:19;25703,25;1;ASK;25703,25;25703,25
2025-12-09 00:12:26;25705,0;1;ASK;25705,0;25705,0
2025-12-09 00:12:29;25704,25;1;ASK;25704,25;25704,25
2025-12-09 00:12:30;25704,0;3;ASK;25704,0;25704,0
2025-12-09 00:12:32;25704,5;1;ASK;25704,5;25704,5
2025-12-09 00:12:33;25704,75;1;ASK;25704,75;25704,75
2025-12-09 00:12:45;25705,5;1;ASK;25705,5;25705,5
2025-12-09 00:12:47;25705,75;1;ASK;25705,75;25705,75
2025-12-09 00:12:48;25706,25;3;ASK;25706,25;25706,25
2025-12-09 00:12:50;25707,5;15;ASK;25707,5;25707,5
2025-12-09 00:12:51;25705,0;2;ASK;25705,0;25705,0
2025-12-09 00:12:54;25704,0;6;ASK;25704,0;25704,0
2025-12-09 00:12:57;25703,75;4;ASK;25703,75;25703,75
2025-12-09 00:12:58;25704,75;8;ASK;25704,75;25704,75
2025-12-09 00:12:59;25703,75;3;ASK;25703,75;25703,75
2025-12-09 00:13:01;25704,0;3;ASK;25704,0;25704,0
2025-12-09 00:13:03;25703,75;4;ASK;25703,75;25703,75
2025-12-09 00:13:04;25703,0;1;ASK;25703,0;25703,0
2025-12-09 00:13:05;25703,5;1;ASK;25703,5;25703,5
2025-12-09 00:13:06;25703,25;1;ASK;25703,25;25703,25
2025-12-09 00:13:07;25702,75;1;ASK;25702,75;25702,75
2025-12-09 00:13:08;25703,5;1;ASK;25703,5;25703,5
2025-12-09 00:13:12;25704,0;7;ASK;25704,0;25704,0
2025-12-09 00:13:14;25703,25;1;ASK;25703,25;25703,25
2025-12-09 00:13:18;25703,25;1;ASK;25703,25;25703,25
2025-12-09 00:13:22;25703,75;3;ASK;25703,75;25703,75
2025-12-09 00:13:33;25703,0;2;ASK;25703,0;25703,0
2025-12-09 00:13:35;25703,75;2;ASK;25703,75;25703,75
2025-12-09 00:13:37;25704,25;2;ASK;25704,25;25704,25
2025-12-09 00:13:39;25703,5;1;ASK;25703,5;25703,5
2025-12-09 00:13:41;25703,75;1;ASK;25703,75;25703,75
2025-12-09 00:13:48;25702,75;1;ASK;25702,75;25702,75
2025-12-09 00:13:49;25703,75;4;ASK;25703,75;25703,75
2025-12-09 00:13:52;25703,25;1;ASK;25703,25;25703,25
2025-12-09 00:13:54;25704,25;5;ASK;25704,25;25704,25
2025-12-09 00:13:56;25703,0;4;ASK;25703,0;25703,0
2025-12-09 00:13:59;25703,0;4;ASK;25703,0;25703,0
2025-12-09 00:14:00;25702,5;2;ASK;25702,5;25702,5
2025-12-09 00:14:01;25702,75;2;ASK;25702,75;25702,75
2025-12-09 00:14:02;25702,5;2;ASK;25702,5;25702,5
2025-12-09 00:14:04;25702,75;7;ASK;25702,75;25702,75
2025-12-09 00:14:06;25702,0;5;ASK;25702,0;25702,0
2025-12-09 00:14:08;25701,75;7;ASK;25701,75;25701,75
2025-12-09 00:14:10;25702,25;1;ASK;25702,25;25702,25
2025-12-09 00:14:16;25701,0;2;ASK;25701,0;25701,0
2025-12-09 00:14:18;25701,5;1;ASK;25701,5;25701,5
2025-12-09 00:14:27;25702,5;3;ASK;25702,5;25702,5
2025-12-09 00:14:30;25702,0;3;ASK;25702,0;25702,0
2025-12-09 00:14:32;25702,0;1;ASK;25702,0;25702,0
2025-12-09 00:14:38;25701,5;1;ASK;25701,5;25701,5
2025-12-09 00:14:47;25700,75;1;ASK;25700,75;25700,75
2025-12-09 00:14:49;25702,0;5;ASK;25702,0;25702,0
2025-12-09 00:14:52;25700,5;1;ASK;25700,5;25700,5
2025-12-09 00:14:53;25701,75;3;ASK;25701,75;25701,75
2025-12-09 00:14:57;25702,25;2;ASK;25702,25;25702,25
2025-12-09 00:14:58;25700,5;5;ASK;25700,5;25700,5
2025-12-09 00:15:01;25703,25;9;ASK;25703,25;25703,25
2025-12-09 00:15:02;25702,0;2;ASK;25702,0;25702,0
2025-12-09 00:15:04;25703,0;1;ASK;25703,0;25703,0
2025-12-09 00:15:07;25703,75;1;ASK;25703,75;25703,75
2025-12-09 00:15:08;25702,25;4;ASK;25702,25;25702,25
2025-12-09 00:15:09;25703,75;2;ASK;25703,75;25703,75
2025-12-09 00:15:16;25702,5;3;ASK;25702,5;25702,5
2025-12-09 00:15:28;25703,5;1;ASK;25703,5;25703,5
2025-12-09 00:15:29;25704,0;1;ASK;25704,0;25704,0
2025-12-09 00:15:33;25703,0;1;ASK;25703,0;25703,0
2025-12-09 00:15:34;25704,0;1;ASK;25704,0;25704,0
2025-12-09 00:15:38;25704,0;9;ASK;25704,0;25704,0
2025-12-09 00:15:39;25704,0;8;ASK;25704,0;25704,0
2025-12-09 00:15:40;25705,25;6;ASK;25705,25;25705,25
2025-12-09 00:15:41;25705,25;2;ASK;25705,25;25705,25
2025-12-09 00:15:43;25705,5;1;ASK;25705,5;25705,5
2025-12-09 00:15:49;25703,5;3;ASK;25703,5;25703,5
2025-12-09 00:15:52;25703,0;2;ASK;25703,0;25703,0
2025-12-09 00:15:54;25703,75;5;ASK;25703,75;25703,75
2025-12-09 00:15:57;25704,5;1;ASK;25704,5;25704,5
2025-12-09 00:16:06;25704,5;2;ASK;25704,5;25704,5
2025-12-09 00:16:12;25703,75;1;ASK;25703,75;25703,75
2025-12-09 00:16:13;25704,75;1;ASK;25704,75;25704,75
2025-12-09 00:16:17;25704,5;2;ASK;25704,5;25704,5
2025-12-09 00:16:18;25705,25;5;ASK;25705,25;25705,25
2025-12-09 00:16:21;25705,25;1;ASK;25705,25;25705,25
2025-12-09 00:16:26;25704,25;3;ASK;25704,25;25704,25
2025-12-09 00:16:32;25703,5;1;ASK;25703,5;25703,5
2025-12-09 00:16:37;25703,25;1;ASK;25703,25;25703,25
2025-12-09 00:16:40;25702,5;6;ASK;25702,5;25702,5
2025-12-09 00:16:42;25700,5;2;ASK;25700,5;25700,5
2025-12-09 00:16:43;25699,75;13;ASK;25699,75;25699,75
2025-12-09 00:16:44;25699,5;8;ASK;25699,5;25699,5
2025-12-09 00:16:45;25698,75;1;ASK;25698,75;25698,75
2025-12-09 00:16:47;25699,75;3;ASK;25699,75;25699,75
2025-12-09 00:16:50;25697,5;19;ASK;25697,5;25697,5
2025-12-09 00:16:51;25697,75;3;ASK;25697,75;25697,75
2025-12-09 00:16:52;25697,5;1;ASK;25697,5;25697,5
2025-12-09 00:16:54;25698,75;1;ASK;25698,75;25698,75
2025-12-09 00:16:55;25698,0;1;ASK;25698,0;25698,0
2025-12-09 00:16:56;25698,0;2;ASK;25698,0;25698,0
2025-12-09 00:16:57;25697,5;4;ASK;25697,5;25697,5
2025-12-09 00:16:58;25697,5;1;ASK;25697,5;25697,5
2025-12-09 00:16:59;25696,75;10;ASK;25696,75;25696,75
2025-12-09 00:17:00;25697,0;7;ASK;25697,0;25697,0
2025-12-09 00:17:01;25698,25;1;ASK;25698,25;25698,25
2025-12-09 00:17:02;25698,0;1;ASK;25698,0;25698,0
2025-12-09 00:17:03;25698,25;5;ASK;25698,25;25698,25
2025-12-09 00:17:04;25697,25;1;ASK;25697,25;25697,25
2025-12-09 00:17:08;25699,0;2;ASK;25699,0;25699,0
2025-12-09 00:17:10;25698,25;1;ASK;25698,25;25698,25
2025-12-09 00:17:17;25700,75;16;ASK;25700,75;25700,75
2025-12-09 00:17:18;25700,0;1;ASK;25700,0;25700,0
2025-12-09 00:17:21;25699,75;1;ASK;25699,75;25699,75
2025-12-09 00:17:22;25700,0;2;ASK;25700,0;25700,0
2025-12-09 00:17:25;25700,5;3;ASK;25700,5;25700,5
2025-12-09 00:17:27;25698,0;5;ASK;25698,0;25698,0
2025-12-09 00:17:30;25697,5;2;ASK;25697,5;25697,5
2025-12-09 00:17:31;25697,75;4;ASK;25697,75;25697,75
2025-12-09 00:17:35;25698,75;2;ASK;25698,75;25698,75
2025-12-09 00:17:36;25699,5;4;ASK;25699,5;25699,5
2025-12-09 00:17:38;25700,0;1;ASK;25700,0;25700,0
2025-12-09 00:17:39;25699,5;1;ASK;25699,5;25699,5
2025-12-09 00:17:40;25700,0;3;ASK;25700,0;25700,0
2025-12-09 00:17:41;25700,0;1;ASK;25700,0;25700,0
2025-12-09 00:17:42;25698,25;7;ASK;25698,25;25698,25
2025-12-09 00:17:49;25699,75;3;ASK;25699,75;25699,75
2025-12-09 00:17:53;25700,0;1;ASK;25700,0;25700,0
2025-12-09 00:17:54;25699,25;5;ASK;25699,25;25699,25
2025-12-09 00:17:55;25699,5;2;ASK;25699,5;25699,5
2025-12-09 00:17:56;25700,25;4;ASK;25700,25;25700,25
2025-12-09 00:17:58;25701,5;3;ASK;25701,5;25701,5
2025-12-09 00:18:02;25701,75;1;ASK;25701,75;25701,75
2025-12-09 00:18:04;25702,5;1;ASK;25702,5;25702,5
2025-12-09 00:18:05;25702,5;2;ASK;25702,5;25702,5
2025-12-09 00:18:09;25703,0;3;ASK;25703,0;25703,0
2025-12-09 00:18:10;25700,25;5;ASK;25700,25;25700,25
2025-12-09 00:18:11;25701,25;2;ASK;25701,25;25701,25
2025-12-09 00:18:13;25702,5;2;ASK;25702,5;25702,5
2025-12-09 00:18:17;25703,5;5;ASK;25703,5;25703,5
2025-12-09 00:18:33;25702,75;3;ASK;25702,75;25702,75
2025-12-09 00:18:34;25705,0;11;ASK;25705,0;25705,0
2025-12-09 00:18:35;25703,75;1;ASK;25703,75;25703,75
2025-12-09 00:18:36;25703,25;4;ASK;25703,25;25703,25
2025-12-09 00:18:39;25702,5;1;ASK;25702,5;25702,5
2025-12-09 00:18:40;25702,75;1;ASK;25702,75;25702,75
2025-12-09 00:18:45;25701,75;13;ASK;25701,75;25701,75
2025-12-09 00:18:49;25701,25;7;ASK;25701,25;25701,25
2025-12-09 00:18:52;25701,75;1;ASK;25701,75;25701,75
2025-12-09 00:18:54;25702,5;5;ASK;25702,5;25702,5
2025-12-09 00:18:55;25702,5;1;ASK;25702,5;25702,5
2025-12-09 00:18:57;25703,5;2;ASK;25703,5;25703,5
2025-12-09 00:18:59;25704,0;1;ASK;25704,0;25704,0
2025-12-09 00:19:02;25703,25;2;ASK;25703,25;25703,25
2025-12-09 00:19:09;25703,75;3;ASK;25703,75;25703,75
2025-12-09 00:19:10;25702,75;2;ASK;25702,75;25702,75
2025-12-09 00:19:12;25702,0;10;ASK;25702,0;25702,0
2025-12-09 00:19:13;25701,5;2;ASK;25701,5;25701,5
2025-12-09 00:19:15;25701,25;1;ASK;25701,25;25701,25
2025-12-09 00:19:16;25700,75;3;ASK;25700,75;25700,75
2025-12-09 00:19:17;25701,0;3;ASK;25701,0;25701,0
2025-12-09 00:19:18;25701,0;1;ASK;25701,0;25701,0
2025-12-09 00:19:21;25702,5;3;ASK;25702,5;25702,5
2025-12-09 00:19:22;25702,0;1;ASK;25702,0;25702,0
2025-12-09 00:19:24;25703,0;2;ASK;25703,0;25703,0
2025-12-09 00:19:33;25701,75;3;ASK;25701,75;25701,75
2025-12-09 00:19:39;25702,0;2;ASK;25702,0;25702,0
2025-12-09 00:19:42;25702,0;1;ASK;25702,0;25702,0
2025-12-09 00:19:44;25701,5;2;ASK;25701,5;25701,5
2025-12-09 00:19:49;25701,0;1;ASK;25701,0;25701,0
2025-12-09 00:20:00;25701,25;1;ASK;25701,25;25701,25
2025-12-09 00:20:01;25702,0;2;ASK;25702,0;25702,0
2025-12-09 00:20:05;25702,5;2;ASK;25702,5;25702,5
2025-12-09 00:20:07;25701,0;5;ASK;25701,0;25701,0
2025-12-09 00:20:13;25700,25;1;ASK;25700,25;25700,25
2025-12-09 00:20:22;25701,75;2;ASK;25701,75;25701,75
2025-12-09 00:20:28;25700,0;7;ASK;25700,0;25700,0
2025-12-09 00:20:29;25699,5;2;ASK;25699,5;25699,5
2025-12-09 00:20:31;25699,5;1;ASK;25699,5;25699,5
2025-12-09 00:20:35;25700,5;2;ASK;25700,5;25700,5
2025-12-09 00:20:42;25701,5;9;ASK;25701,5;25701,5
2025-12-09 00:20:44;25703,0;5;ASK;25703,0;25703,0
2025-12-09 00:20:46;25703,5;7;ASK;25703,5;25703,5
2025-12-09 00:20:47;25703,75;2;ASK;25703,75;25703,75
2025-12-09 00:20:48;25703,75;1;ASK;25703,75;25703,75
2025-12-09 00:20:50;25704,25;2;ASK;25704,25;25704,25
2025-12-09 00:20:51;25704,5;2;ASK;25704,5;25704,5
2025-12-09 00:20:52;25705,0;3;ASK;25705,0;25705,0
2025-12-09 00:20:55;25704,5;1;ASK;25704,5;25704,5
2025-12-09 00:20:56;25703,75;7;ASK;25703,75;25703,75
2025-12-09 00:20:57;25704,0;2;ASK;25704,0;25704,0
2025-12-09 00:21:00;25703,75;3;ASK;25703,75;25703,75
2025-12-09 00:21:02;25704,0;2;ASK;25704,0;25704,0
2025-12-09 00:21:03;25704,75;5;ASK;25704,75;25704,75
2025-12-09 00:21:07;25704,25;3;ASK;25704,25;25704,25
2025-12-09 00:21:08;25704,0;1;ASK;25704,0;25704,0
2025-12-09 00:21:16;25704,5;3;ASK;25704,5;25704,5
2025-12-09 00:21:18;25703,75;2;ASK;25703,75;25703,75
2025-12-09 00:21:19;25704,75;5;ASK;25704,75;25704,75
2025-12-09 00:21:25;25705,0;1;ASK;25705,0;25705,0
2025-12-09 00:21:28;25705,0;1;ASK;25705,0;25705,0
2025-12-09 00:21:34;25704,25;1;ASK;25704,25;25704,25
2025-12-09 00:21:37;25702,75;10;ASK;25702,75;25702,75
2025-12-09 00:21:40;25702,75;1;ASK;25702,75;25702,75
2025-12-09 00:21:41;25703,0;3;ASK;25703,0;25703,0
2025-12-09 00:21:42;25703,5;1;ASK;25703,5;25703,5
2025-12-09 00:21:44;25703,75;1;ASK;25703,75;25703,75
2025-12-09 00:21:47;25703,75;1;ASK;25703,75;25703,75
2025-12-09 00:21:55;25702,5;5;ASK;25702,5;25702,5
2025-12-09 00:21:56;25703,25;1;ASK;25703,25;25703,25
2025-12-09 00:22:11;25703,0;1;ASK;25703,0;25703,0
2025-12-09 00:22:13;25703,5;1;ASK;25703,5;25703,5
2025-12-09 00:22:23;25702,5;2;ASK;25702,5;25702,5
2025-12-09 00:22:24;25702,5;1;ASK;25702,5;25702,5
2025-12-09 00:22:30;25702,5;8;ASK;25702,5;25702,5
2025-12-09 00:22:36;25701,0;2;ASK;25701,0;25701,0
2025-12-09 00:22:40;25701,0;1;ASK;25701,0;25701,0
2025-12-09 00:22:42;25701,0;1;ASK;25701,0;25701,0
2025-12-09 00:22:49;25702,5;3;ASK;25702,5;25702,5
2025-12-09 00:22:53;25702,75;1;ASK;25702,75;25702,75
2025-12-09 00:22:55;25701,75;1;ASK;25701,75;25701,75
2025-12-09 00:23:01;25702,0;5;ASK;25702,0;25702,0
2025-12-09 00:23:02;25701,0;12;ASK;25701,0;25701,0
2025-12-09 00:23:04;25702,0;2;ASK;25702,0;25702,0
2025-12-09 00:23:06;25701,5;1;ASK;25701,5;25701,5
2025-12-09 00:23:08;25701,75;3;ASK;25701,75;25701,75
2025-12-09 00:23:09;25701,5;1;ASK;25701,5;25701,5
2025-12-09 00:23:10;25701,25;1;ASK;25701,25;25701,25
2025-12-09 00:23:16;25702,0;1;ASK;25702,0;25702,0
2025-12-09 00:23:21;25702,5;2;ASK;25702,5;25702,5
2025-12-09 00:23:23;25702,25;1;ASK;25702,25;25702,25
2025-12-09 00:23:24;25702,75;2;ASK;25702,75;25702,75
2025-12-09 00:23:31;25702,0;1;ASK;25702,0;25702,0
2025-12-09 00:23:39;25702,5;2;ASK;25702,5;25702,5
2025-12-09 00:23:45;25703,25;2;ASK;25703,25;25703,25
2025-12-09 00:24:01;25703,25;1;ASK;25703,25;25703,25
2025-12-09 00:24:06;25702,25;1;ASK;25702,25;25702,25
2025-12-09 00:24:08;25701,0;2;ASK;25701,0;25701,0
2025-12-09 00:24:17;25700,25;2;ASK;25700,25;25700,25
2025-12-09 00:24:22;25699,0;7;ASK;25699,0;25699,0
2025-12-09 00:24:28;25698,75;1;ASK;25698,75;25698,75
2025-12-09 00:24:33;25698,5;2;ASK;25698,5;25698,5
2025-12-09 00:24:40;25700,0;1;ASK;25700,0;25700,0
2025-12-09 00:24:42;25700,5;1;ASK;25700,5;25700,5
2025-12-09 00:24:51;25700,5;1;ASK;25700,5;25700,5
2025-12-09 00:24:54;25699,75;2;ASK;25699,75;25699,75
2025-12-09 00:24:55;25699,5;1;ASK;25699,5;25699,5
2025-12-09 00:25:01;25700,25;1;ASK;25700,25;25700,25
2025-12-09 00:25:06;25700,25;1;ASK;25700,25;25700,25
2025-12-09 00:25:08;25699,75;2;ASK;25699,75;25699,75
2025-12-09 00:25:09;25699,5;1;ASK;25699,5;25699,5
2025-12-09 00:25:11;25699,5;1;ASK;25699,5;25699,5
2025-12-09 00:25:16;25697,5;4;ASK;25697,5;25697,5
2025-12-09 00:25:17;25698,25;7;ASK;25698,25;25698,25
2025-12-09 00:25:25;25698,5;3;ASK;25698,5;25698,5
2025-12-09 00:25:30;25697,0;3;ASK;25697,0;25697,0
2025-12-09 00:25:35;25697,75;1;ASK;25697,75;25697,75
2025-12-09 00:25:43;25697,5;1;ASK;25697,5;25697,5
2025-12-09 00:25:56;25697,0;2;ASK;25697,0;25697,0
2025-12-09 00:25:58;25696,25;23;ASK;25696,25;25696,25
2025-12-09 00:26:00;25696,5;2;ASK;25696,5;25696,5
2025-12-09 00:26:03;25696,25;1;ASK;25696,25;25696,25
2025-12-09 00:26:05;25695,5;1;ASK;25695,5;25695,5
2025-12-09 00:26:08;25695,5;1;ASK;25695,5;25695,5
2025-12-09 00:26:09;25695,25;1;ASK;25695,25;25695,25
2025-12-09 00:26:11;25695,0;3;ASK;25695,0;25695,0
2025-12-09 00:26:12;25696,0;1;ASK;25696,0;25696,0
2025-12-09 00:26:13;25696,25;3;ASK;25696,25;25696,25
2025-12-09 00:26:14;25695,25;4;ASK;25695,25;25695,25
2025-12-09 00:26:16;25696,25;10;ASK;25696,25;25696,25
2025-12-09 00:26:18;25696,25;1;ASK;25696,25;25696,25
2025-12-09 00:26:19;25697,5;3;ASK;25697,5;25697,5
2025-12-09 00:26:21;25696,0;2;ASK;25696,0;25696,0
2025-12-09 00:26:24;25696,0;2;ASK;25696,0;25696,0
2025-12-09 00:26:25;25696,0;1;ASK;25696,0;25696,0
2025-12-09 00:26:26;25696,0;3;ASK;25696,0;25696,0
2025-12-09 00:26:27;25696,25;3;ASK;25696,25;25696,25
2025-12-09 00:26:29;25695,0;1;ASK;25695,0;25695,0
2025-12-09 00:26:31;25695,75;1;ASK;25695,75;25695,75
2025-12-09 00:26:35;25695,25;3;ASK;25695,25;25695,25
2025-12-09 00:26:36;25695,25;2;ASK;25695,25;25695,25
2025-12-09 00:26:38;25695,75;1;ASK;25695,75;25695,75
2025-12-09 00:26:40;25695,0;1;ASK;25695,0;25695,0
2025-12-09 00:26:41;25695,0;1;ASK;25695,0;25695,0
2025-12-09 00:26:43;25695,0;1;ASK;25695,0;25695,0
2025-12-09 00:26:47;25696,0;7;ASK;25696,0;25696,0
2025-12-09 00:26:48;25696,25;3;ASK;25696,25;25696,25
2025-12-09 00:26:51;25697,25;2;ASK;25697,25;25697,25
2025-12-09 00:26:52;25696,25;2;ASK;25696,25;25696,25
2025-12-09 00:26:56;25696,5;4;ASK;25696,5;25696,5
2025-12-09 00:26:57;25697,0;1;ASK;25697,0;25697,0
2025-12-09 00:26:58;25698,0;1;ASK;25698,0;25698,0
2025-12-09 00:27:00;25697,5;4;ASK;25697,5;25697,5
2025-12-09 00:27:01;25698,25;3;ASK;25698,25;25698,25
2025-12-09 00:27:02;25698,5;1;ASK;25698,5;25698,5
2025-12-09 00:27:04;25699,0;3;ASK;25699,0;25699,0
2025-12-09 00:27:06;25699,25;1;ASK;25699,25;25699,25
2025-12-09 00:27:07;25698,5;1;ASK;25698,5;25698,5
2025-12-09 00:27:08;25699,0;2;ASK;25699,0;25699,0
2025-12-09 00:27:09;25698,25;3;ASK;25698,25;25698,25
2025-12-09 00:27:10;25698,75;1;ASK;25698,75;25698,75
2025-12-09 00:27:12;25698,0;2;ASK;25698,0;25698,0
2025-12-09 00:27:14;25699,0;3;ASK;25699,0;25699,0
2025-12-09 00:27:17;25698,75;1;ASK;25698,75;25698,75
2025-12-09 00:27:23;25699,25;1;ASK;25699,25;25699,25
2025-12-09 00:27:28;25699,0;2;ASK;25699,0;25699,0
2025-12-09 00:27:30;25698,75;3;ASK;25698,75;25698,75
2025-12-09 00:27:37;25699,5;1;ASK;25699,5;25699,5
2025-12-09 00:27:38;25699,5;1;ASK;25699,5;25699,5
2025-12-09 00:27:45;25698,5;3;ASK;25698,5;25698,5
2025-12-09 00:27:46;25700,0;1;ASK;25700,0;25700,0
2025-12-09 00:27:51;25700,0;1;ASK;25700,0;25700,0
2025-12-09 00:27:53;25699,25;3;ASK;25699,25;25699,25
2025-12-09 00:28:03;25699,25;2;ASK;25699,25;25699,25
2025-12-09 00:28:09;25700,0;3;ASK;25700,0;25700,0
2025-12-09 00:28:15;25700,25;1;ASK;25700,25;25700,25
2025-12-09 00:28:16;25700,5;1;ASK;25700,5;25700,5
2025-12-09 00:28:20;25700,75;13;ASK;25700,75;25700,75
2025-12-09 00:28:21;25700,75;6;ASK;25700,75;25700,75
2025-12-09 00:28:23;25700,75;2;ASK;25700,75;25700,75
2025-12-09 00:28:28;25700,0;6;ASK;25700,0;25700,0
2025-12-09 00:28:30;25700,5;2;ASK;25700,5;25700,5
2025-12-09 00:28:35;25700,75;1;ASK;25700,75;25700,75
2025-12-09 00:28:38;25701,0;3;ASK;25701,0;25701,0
2025-12-09 00:28:39;25700,5;10;ASK;25700,5;25700,5
2025-12-09 00:28:41;25702,0;3;ASK;25702,0;25702,0
2025-12-09 00:28:53;25701,5;1;ASK;25701,5;25701,5
2025-12-09 00:28:54;25700,0;10;ASK;25700,0;25700,0
2025-12-09 00:28:56;25699,5;4;ASK;25699,5;25699,5
2025-12-09 00:29:05;25700,25;6;ASK;25700,25;25700,25
2025-12-09 00:29:09;25701,25;1;ASK;25701,25;25701,25
2025-12-09 00:29:10;25700,75;1;ASK;25700,75;25700,75
2025-12-09 00:29:16;25701,5;1;ASK;25701,5;25701,5
2025-12-09 00:29:17;25701,5;1;ASK;25701,5;25701,5
2025-12-09 00:29:18;25700,75;1;ASK;25700,75;25700,75
2025-12-09 00:29:21;25702,0;3;ASK;25702,0;25702,0
2025-12-09 00:29:23;25701,0;2;ASK;25701,0;25701,0
2025-12-09 00:29:28;25700,75;4;ASK;25700,75;25700,75
2025-12-09 00:29:32;25700,75;1;ASK;25700,75;25700,75
2025-12-09 00:29:33;25700,75;1;ASK;25700,75;25700,75
2025-12-09 00:29:38;25700,75;4;ASK;25700,75;25700,75
2025-12-09 00:29:42;25699,5;1;ASK;25699,5;25699,5
2025-12-09 00:29:53;25698,25;8;ASK;25698,25;25698,25
2025-12-09 00:29:57;25698,0;1;ASK;25698,0;25698,0
2025-12-09 00:29:58;25698,25;1;ASK;25698,25;25698,25
2025-12-09 00:30:01;25699,0;4;ASK;25699,0;25699,0
2025-12-09 00:30:02;25698,75;1;ASK;25698,75;25698,75
2025-12-09 00:30:03;25699,0;1;ASK;25699,0;25699,0
2025-12-09 00:30:05;25697,0;5;ASK;25697,0;25697,0
2025-12-09 00:30:07;25697,5;2;ASK;25697,5;25697,5
2025-12-09 00:30:08;25697,0;1;ASK;25697,0;25697,0
2025-12-09 00:30:12;25698,25;2;ASK;25698,25;25698,25
2025-12-09 00:30:15;25698,25;1;ASK;25698,25;25698,25
2025-12-09 00:30:27;25697,75;1;ASK;25697,75;25697,75
2025-12-09 00:30:37;25697,75;1;ASK;25697,75;25697,75
2025-12-09 00:30:49;25698,5;2;ASK;25698,5;25698,5
2025-12-09 00:30:51;25698,25;1;ASK;25698,25;25698,25
2025-12-09 00:30:56;25698,75;1;ASK;25698,75;25698,75
2025-12-09 00:31:00;25697,5;3;ASK;25697,5;25697,5
2025-12-09 00:31:10;25697,5;1;ASK;25697,5;25697,5
2025-12-09 00:31:11;25697,0;3;ASK;25697,0;25697,0
2025-12-09 00:31:18;25697,0;5;ASK;25697,0;25697,0
2025-12-09 00:31:23;25695,75;1;ASK;25695,75;25695,75
2025-12-09 00:31:26;25697,75;4;ASK;25697,75;25697,75
2025-12-09 00:31:27;25696,75;2;ASK;25696,75;25696,75
2025-12-09 00:31:29;25696,25;1;ASK;25696,25;25696,25
2025-12-09 00:31:30;25696,75;1;ASK;25696,75;25696,75
2025-12-09 00:31:32;25697,25;3;ASK;25697,25;25697,25
2025-12-09 00:31:37;25698,0;1;ASK;25698,0;25698,0
2025-12-09 00:31:42;25699,25;4;ASK;25699,25;25699,25
2025-12-09 00:31:47;25697,5;2;ASK;25697,5;25697,5
2025-12-09 00:31:48;25696,25;1;ASK;25696,25;25696,25
2025-12-09 00:31:49;25695,75;4;ASK;25695,75;25695,75
2025-12-09 00:31:50;25695,5;1;ASK;25695,5;25695,5
2025-12-09 00:31:54;25696,0;1;ASK;25696,0;25696,0
2025-12-09 00:31:55;25694,5;6;ASK;25694,5;25694,5
2025-12-09 00:31:57;25693,75;13;ASK;25693,75;25693,75
2025-12-09 00:31:58;25695,5;1;ASK;25695,5;25695,5
2025-12-09 00:32:02;25696,25;1;ASK;25696,25;25696,25
2025-12-09 00:32:03;25697,0;2;ASK;25697,0;25697,0
2025-12-09 00:32:05;25695,25;2;ASK;25695,25;25695,25
2025-12-09 00:32:11;25695,5;2;ASK;25695,5;25695,5
2025-12-09 00:32:12;25695,25;1;ASK;25695,25;25695,25
2025-12-09 00:32:15;25694,75;2;ASK;25694,75;25694,75
2025-12-09 00:32:17;25694,5;1;ASK;25694,5;25694,5
2025-12-09 00:32:25;25693,5;5;ASK;25693,5;25693,5
2025-12-09 00:32:26;25693,75;7;ASK;25693,75;25693,75
2025-12-09 00:32:28;25694,5;1;ASK;25694,5;25694,5
2025-12-09 00:32:32;25694,5;1;ASK;25694,5;25694,5
2025-12-09 00:32:33;25694,75;1;ASK;25694,75;25694,75
2025-12-09 00:32:34;25693,75;1;ASK;25693,75;25693,75
2025-12-09 00:32:35;25694,75;3;ASK;25694,75;25694,75
2025-12-09 00:32:36;25694,5;3;ASK;25694,5;25694,5
2025-12-09 00:32:39;25694,25;1;ASK;25694,25;25694,25
2025-12-09 00:32:40;25695,0;2;ASK;25695,0;25695,0
2025-12-09 00:32:41;25694,5;1;ASK;25694,5;25694,5
2025-12-09 00:32:42;25694,5;1;ASK;25694,5;25694,5
2025-12-09 00:32:43;25694,75;1;ASK;25694,75;25694,75
2025-12-09 00:32:46;25694,75;1;ASK;25694,75;25694,75
2025-12-09 00:32:49;25695,25;3;ASK;25695,25;25695,25
2025-12-09 00:32:52;25695,25;1;ASK;25695,25;25695,25
2025-12-09 00:32:58;25696,5;5;ASK;25696,5;25696,5
2025-12-09 00:32:59;25696,75;1;ASK;25696,75;25696,75
2025-12-09 00:33:02;25695,5;2;ASK;25695,5;25695,5
2025-12-09 00:33:05;25695,0;1;ASK;25695,0;25695,0
2025-12-09 00:33:06;25695,75;2;ASK;25695,75;25695,75
2025-12-09 00:33:08;25694,75;2;ASK;25694,75;25694,75
2025-12-09 00:33:09;25694,5;1;ASK;25694,5;25694,5
2025-12-09 00:33:11;25694,25;1;ASK;25694,25;25694,25
2025-12-09 00:33:17;25695,5;4;ASK;25695,5;25695,5
2025-12-09 00:33:20;25695,25;3;ASK;25695,25;25695,25
2025-12-09 00:33:23;25695,25;1;ASK;25695,25;25695,25
2025-12-09 00:33:29;25695,75;3;ASK;25695,75;25695,75
2025-12-09 00:33:35;25696,25;1;ASK;25696,25;25696,25
2025-12-09 00:33:40;25696,0;1;ASK;25696,0;25696,0
2025-12-09 00:33:44;25695,75;1;ASK;25695,75;25695,75
2025-12-09 00:33:46;25695,5;3;ASK;25695,5;25695,5
2025-12-09 00:33:49;25695,25;1;ASK;25695,25;25695,25
2025-12-09 00:33:50;25695,0;3;ASK;25695,0;25695,0
2025-12-09 00:33:53;25695,25;2;ASK;25695,25;25695,25
2025-12-09 00:34:01;25695,25;1;ASK;25695,25;25695,25
2025-12-09 00:34:03;25695,0;2;ASK;25695,0;25695,0
2025-12-09 00:34:05;25694,0;3;ASK;25694,0;25694,0
2025-12-09 00:34:06;25693,25;2;ASK;25693,25;25693,25
2025-12-09 00:34:08;25693,25;1;ASK;25693,25;25693,25
2025-12-09 00:34:10;25693,25;18;ASK;25693,25;25693,25
2025-12-09 00:34:13;25693,25;15;ASK;25693,25;25693,25
2025-12-09 00:34:22;25693,75;5;ASK;25693,75;25693,75
2025-12-09 00:34:24;25696,0;4;ASK;25696,0;25696,0
2025-12-09 00:34:25;25694,75;1;ASK;25694,75;25694,75
2025-12-09 00:34:27;25694,75;1;ASK;25694,75;25694,75
2025-12-09 00:34:30;25694,0;5;ASK;25694,0;25694,0
2025-12-09 00:34:34;25694,75;1;ASK;25694,75;25694,75
2025-12-09 00:34:36;25694,5;1;ASK;25694,5;25694,5
2025-12-09 00:34:37;25696,0;2;ASK;25696,0;25696,0
2025-12-09 00:34:41;25694,25;1;ASK;25694,25;25694,25
2025-12-09 00:34:47;25694,25;1;ASK;25694,25;25694,25
2025-12-09 00:34:50;25695,75;1;ASK;25695,75;25695,75
2025-12-09 00:34:59;25696,0;1;ASK;25696,0;25696,0
2025-12-09 00:35:00;25696,0;1;ASK;25696,0;25696,0
2025-12-09 00:35:01;25696,25;3;ASK;25696,25;25696,25
2025-12-09 00:35:02;25695,0;3;ASK;25695,0;25695,0
2025-12-09 00:35:10;25694,0;1;ASK;25694,0;25694,0
2025-12-09 00:35:11;25694,5;3;ASK;25694,5;25694,5
2025-12-09 00:35:14;25694,75;1;ASK;25694,75;25694,75
2025-12-09 00:35:17;25694,25;1;ASK;25694,25;25694,25
2025-12-09 00:35:18;25694,75;1;ASK;25694,75;25694,75
2025-12-09 00:35:23;25695,0;1;ASK;25695,0;25695,0
2025-12-09 00:35:33;25695,25;1;ASK;25695,25;25695,25
2025-12-09 00:35:35;25695,5;1;ASK;25695,5;25695,5
2025-12-09 00:35:39;25695,25;1;ASK;25695,25;25695,25
2025-12-09 00:35:42;25695,0;1;ASK;25695,0;25695,0
2025-12-09 00:35:53;25696,25;1;ASK;25696,25;25696,25
2025-12-09 00:36:00;25696,0;3;ASK;25696,0;25696,0
2025-12-09 00:36:03;25694,25;3;ASK;25694,25;25694,25
2025-12-09 00:36:04;25694,75;3;ASK;25694,75;25694,75
2025-12-09 00:36:10;25695,25;1;ASK;25695,25;25695,25
2025-12-09 00:36:12;25697,0;49;ASK;25697,0;25697,0
2025-12-09 00:36:16;25697,25;1;ASK;25697,25;25697,25
2025-12-09 00:36:18;25698,0;2;ASK;25698,0;25698,0
2025-12-09 00:36:20;25696,5;2;ASK;25696,5;25696,5
2025-12-09 00:36:36;25697,0;4;ASK;25697,0;25697,0
2025-12-09 00:36:37;25697,75;2;ASK;25697,75;25697,75
2025-12-09 00:36:38;25696,5;3;ASK;25696,5;25696,5
2025-12-09 00:36:46;25697,0;1;ASK;25697,0;25697,0
2025-12-09 00:36:48;25697,5;3;ASK;25697,5;25697,5
2025-12-09 00:36:49;25697,0;2;ASK;25697,0;25697,0
2025-12-09 00:36:52;25697,5;3;ASK;25697,5;25697,5
2025-12-09 00:36:53;25698,5;4;ASK;25698,5;25698,5
2025-12-09 00:36:55;25696,75;2;ASK;25696,75;25696,75
2025-12-09 00:36:59;25696,25;1;ASK;25696,25;25696,25
2025-12-09 00:37:01;25696,75;1;ASK;25696,75;25696,75
2025-12-09 00:37:03;25697,25;1;ASK;25697,25;25697,25
2025-12-09 00:37:11;25698,25;20;ASK;25698,25;25698,25
2025-12-09 00:37:15;25697,0;2;ASK;25697,0;25697,0
2025-12-09 00:37:16;25697,25;3;ASK;25697,25;25697,25
2025-12-09 00:37:21;25697,5;1;ASK;25697,5;25697,5
2025-12-09 00:37:24;25700,5;38;ASK;25700,5;25700,5
2025-12-09 00:37:25;25698,5;12;ASK;25698,5;25698,5
2025-12-09 00:37:28;25699,0;2;ASK;25699,0;25699,0
2025-12-09 00:37:34;25700,0;2;ASK;25700,0;25700,0
2025-12-09 00:37:35;25700,0;3;ASK;25700,0;25700,0
2025-12-09 00:37:36;25701,75;6;ASK;25701,75;25701,75
2025-12-09 00:37:37;25701,5;2;ASK;25701,5;25701,5
2025-12-09 00:37:41;25702,0;5;ASK;25702,0;25702,0
2025-12-09 00:37:44;25701,5;1;ASK;25701,5;25701,5
2025-12-09 00:37:50;25701,25;2;ASK;25701,25;25701,25
2025-12-09 00:37:51;25701,0;1;ASK;25701,0;25701,0
2025-12-09 00:37:52;25701,0;3;ASK;25701,0;25701,0
2025-12-09 00:37:53;25700,0;2;ASK;25700,0;25700,0
2025-12-09 00:37:54;25700,5;1;ASK;25700,5;25700,5
2025-12-09 00:37:55;25700,75;1;ASK;25700,75;25700,75
2025-12-09 00:37:56;25701,0;1;ASK;25701,0;25701,0
2025-12-09 00:37:58;25700,5;2;ASK;25700,5;25700,5
2025-12-09 00:37:59;25701,25;2;ASK;25701,25;25701,25
2025-12-09 00:38:03;25699,5;3;ASK;25699,5;25699,5
2025-12-09 00:38:04;25700,5;2;ASK;25700,5;25700,5
2025-12-09 00:38:07;25700,0;1;ASK;25700,0;25700,0
2025-12-09 00:38:09;25700,5;1;ASK;25700,5;25700,5
2025-12-09 00:38:11;25699,75;2;ASK;25699,75;25699,75
2025-12-09 00:38:12;25699,75;1;ASK;25699,75;25699,75
2025-12-09 00:38:14;25700,25;1;ASK;25700,25;25700,25
2025-12-09 00:38:15;25700,75;1;ASK;25700,75;25700,75
2025-12-09 00:38:27;25701,0;1;ASK;25701,0;25701,0
2025-12-09 00:38:29;25701,25;1;ASK;25701,25;25701,25
2025-12-09 00:38:42;25699,75;3;ASK;25699,75;25699,75
2025-12-09 00:38:44;25699,5;3;ASK;25699,5;25699,5
2025-12-09 00:38:48;25698,75;2;ASK;25698,75;25698,75
2025-12-09 00:38:53;25698,75;1;ASK;25698,75;25698,75
2025-12-09 00:38:54;25700,0;3;ASK;25700,0;25700,0
2025-12-09 00:39:03;25701,5;35;ASK;25701,5;25701,5
2025-12-09 00:39:05;25702,25;12;ASK;25702,25;25702,25
2025-12-09 00:39:06;25702,25;3;ASK;25702,25;25702,25
2025-12-09 00:39:08;25702,75;2;ASK;25702,75;25702,75
2025-12-09 00:39:09;25702,5;1;ASK;25702,5;25702,5
2025-12-09 00:39:13;25702,5;1;ASK;25702,5;25702,5
2025-12-09 00:39:14;25702,5;1;ASK;25702,5;25702,5
2025-12-09 00:39:15;25703,25;5;ASK;25703,25;25703,25
2025-12-09 00:39:17;25702,5;2;ASK;25702,5;25702,5
2025-12-09 00:39:18;25703,0;1;ASK;25703,0;25703,0
2025-12-09 00:39:22;25702,5;21;ASK;25702,5;25702,5
2025-12-09 00:39:24;25703,0;1;ASK;25703,0;25703,0
2025-12-09 00:39:25;25703,25;3;ASK;25703,25;25703,25
2025-12-09 00:39:27;25703,0;4;ASK;25703,0;25703,0
2025-12-09 00:39:30;25704,25;16;ASK;25704,25;25704,25
2025-12-09 00:39:33;25704,5;1;ASK;25704,5;25704,5
2025-12-09 00:39:35;25704,75;1;ASK;25704,75;25704,75
2025-12-09 00:39:36;25704,0;2;ASK;25704,0;25704,0
2025-12-09 00:39:37;25705,0;13;ASK;25705,0;25705,0
2025-12-09 00:39:38;25705,0;1;ASK;25705,0;25705,0
2025-12-09 00:39:40;25705,0;1;ASK;25705,0;25705,0
2025-12-09 00:39:41;25704,5;1;ASK;25704,5;25704,5
2025-12-09 00:39:42;25704,5;3;ASK;25704,5;25704,5
2025-12-09 00:39:44;25705,0;1;ASK;25705,0;25705,0
2025-12-09 00:39:45;25704,75;2;ASK;25704,75;25704,75
2025-12-09 00:39:46;25705,0;1;ASK;25705,0;25705,0
2025-12-09 00:39:47;25704,0;1;ASK;25704,0;25704,0
2025-12-09 00:39:50;25703,75;1;ASK;25703,75;25703,75
2025-12-09 00:39:51;25704,25;1;ASK;25704,25;25704,25
2025-12-09 00:39:52;25703,0;6;ASK;25703,0;25703,0
2025-12-09 00:39:56;25702,75;4;ASK;25702,75;25702,75
2025-12-09 00:40:00;25704,5;2;ASK;25704,5;25704,5
2025-12-09 00:40:01;25704,5;1;ASK;25704,5;25704,5
2025-12-09 00:40:02;25704,75;1;ASK;25704,75;25704,75
2025-12-09 00:40:03;25704,25;2;ASK;25704,25;25704,25
2025-12-09 00:40:07;25703,0;2;ASK;25703,0;25703,0
2025-12-09 00:40:14;25703,0;1;ASK;25703,0;25703,0
2025-12-09 00:40:15;25702,25;1;ASK;25702,25;25702,25
2025-12-09 00:40:17;25702,75;1;ASK;25702,75;25702,75
2025-12-09 00:40:19;25703,0;2;ASK;25703,0;25703,0
2025-12-09 00:40:20;25702,0;5;ASK;25702,0;25702,0
2025-12-09 00:40:29;25702,75;1;ASK;25702,75;25702,75
2025-12-09 00:40:30;25703,25;1;ASK;25703,25;25703,25
2025-12-09 00:40:39;25702,5;1;ASK;25702,5;25702,5
2025-12-09 00:40:47;25707,5;46;ASK;25707,5;25707,5
2025-12-09 00:40:48;25707,5;10;ASK;25707,5;25707,5
2025-12-09 00:40:49;25706,5;11;ASK;25706,5;25706,5
2025-12-09 00:40:51;25707,0;1;ASK;25707,0;25707,0
2025-12-09 00:40:52;25707,5;3;ASK;25707,5;25707,5
2025-12-09 00:40:53;25706,25;10;ASK;25706,25;25706,25
2025-12-09 00:40:54;25707,25;1;ASK;25707,25;25707,25
2025-12-09 00:40:57;25705,5;45;ASK;25705,5;25705,5
2025-12-09 00:40:59;25703,25;2;ASK;25703,25;25703,25
2025-12-09 00:41:00;25703,5;2;ASK;25703,5;25703,5
2025-12-09 00:41:01;25703,75;2;ASK;25703,75;25703,75
2025-12-09 00:41:02;25702,25;4;ASK;25702,25;25702,25
2025-12-09 00:41:05;25703,25;2;ASK;25703,25;25703,25
2025-12-09 00:41:06;25704,25;39;ASK;25704,25;25704,25
2025-12-09 00:41:07;25704,25;90;ASK;25704,25;25704,25
2025-12-09 00:41:08;25705,25;3;ASK;25705,25;25705,25
2025-12-09 00:41:09;25704,75;1;ASK;25704,75;25704,75
2025-12-09 00:41:10;25703,75;1;ASK;25703,75;25703,75
2025-12-09 00:41:11;25704,5;1;ASK;25704,5;25704,5
2025-12-09 00:41:12;25704,0;1;ASK;25704,0;25704,0
2025-12-09 00:41:13;25705,5;1;ASK;25705,5;25705,5
2025-12-09 00:41:14;25704,0;2;ASK;25704,0;25704,0
2025-12-09 00:41:17;25703,75;1;ASK;25703,75;25703,75
2025-12-09 00:41:29;25701,75;2;ASK;25701,75;25701,75
2025-12-09 00:41:33;25702,5;2;ASK;25702,5;25702,5
2025-12-09 00:41:35;25703,5;1;ASK;25703,5;25703,5
2025-12-09 00:41:50;25702,0;1;ASK;25702,0;25702,0
2025-12-09 00:41:52;25702,25;1;ASK;25702,25;25702,25
2025-12-09 00:41:55;25702,0;1;ASK;25702,0;25702,0
2025-12-09 00:42:07;25703,5;1;ASK;25703,5;25703,5
2025-12-09 00:42:09;25703,0;1;ASK;25703,0;25703,0
2025-12-09 00:42:13;25702,75;2;ASK;25702,75;25702,75
2025-12-09 00:42:15;25702,25;1;ASK;25702,25;25702,25
2025-12-09 00:42:18;25702,75;2;ASK;25702,75;25702,75
2025-12-09 00:42:24;25701,0;2;ASK;25701,0;25701,0
2025-12-09 00:42:39;25702,5;3;ASK;25702,5;25702,5
2025-12-09 00:42:42;25702,25;8;ASK;25702,25;25702,25
2025-12-09 00:42:48;25702,0;1;ASK;25702,0;25702,0
2025-12-09 00:42:52;25702,0;3;ASK;25702,0;25702,0
2025-12-09 00:42:53;25701,75;1;ASK;25701,75;25701,75
2025-12-09 00:43:06;25701,25;1;ASK;25701,25;25701,25
2025-12-09 00:43:15;25704,0;17;ASK;25704,0;25704,0
2025-12-09 00:43:16;25704,25;1;ASK;25704,25;25704,25
2025-12-09 00:43:17;25705,0;1;ASK;25705,0;25705,0
2025-12-09 00:43:26;25704,25;1;ASK;25704,25;25704,25
2025-12-09 00:43:39;25706,0;4;ASK;25706,0;25706,0
2025-12-09 00:43:48;25704,5;1;ASK;25704,5;25704,5
2025-12-09 00:43:49;25705,0;1;ASK;25705,0;25705,0
2025-12-09 00:43:56;25703,75;1;ASK;25703,75;25703,75
2025-12-09 00:43:59;25704,75;1;ASK;25704,75;25704,75
2025-12-09 00:44:06;25704,0;1;ASK;25704,0;25704,0
2025-12-09 00:44:16;25702,75;8;ASK;25702,75;25702,75
2025-12-09 00:44:23;25703,75;2;ASK;25703,75;25703,75
2025-12-09 00:44:35;25703,0;1;ASK;25703,0;25703,0
2025-12-09 00:44:42;25702,75;1;ASK;25702,75;25702,75
2025-12-09 00:44:48;25703,75;1;ASK;25703,75;25703,75
2025-12-09 00:44:49;25704,0;2;ASK;25704,0;25704,0
2025-12-09 00:45:02;25704,0;1;ASK;25704,0;25704,0
2025-12-09 00:45:07;25702,5;2;ASK;25702,5;25702,5
2025-12-09 00:45:19;25702,25;1;ASK;25702,25;25702,25
2025-12-09 00:45:22;25703,25;2;ASK;25703,25;25703,25
2025-12-09 00:45:27;25703,5;1;ASK;25703,5;25703,5
2025-12-09 00:45:38;25703,75;1;ASK;25703,75;25703,75
2025-12-09 00:45:44;25704,75;4;ASK;25704,75;25704,75
2025-12-09 00:45:54;25704,25;1;ASK;25704,25;25704,25
2025-12-09 00:45:55;25704,0;1;ASK;25704,0;25704,0
2025-12-09 00:46:02;25704,75;1;ASK;25704,75;25704,75
2025-12-09 00:46:03;25705,5;4;ASK;25705,5;25705,5
2025-12-09 00:46:04;25704,75;6;ASK;25704,75;25704,75
2025-12-09 00:46:05;25706,0;2;ASK;25706,0;25706,0
2025-12-09 00:46:06;25705,25;2;ASK;25705,25;25705,25
2025-12-09 00:46:09;25706,0;1;ASK;25706,0;25706,0
2025-12-09 00:46:12;25707,0;8;ASK;25707,0;25707,0
2025-12-09 00:46:15;25707,25;2;ASK;25707,25;25707,25
2025-12-09 00:46:18;25707,5;1;ASK;25707,5;25707,5
2025-12-09 00:46:21;25709,5;8;ASK;25709,5;25709,5
2025-12-09 00:46:22;25708,75;4;ASK;25708,75;25708,75
2025-12-09 00:46:24;25709,0;4;ASK;25709,0;25709,0
2025-12-09 00:46:26;25707,5;4;ASK;25707,5;25707,5
2025-12-09 00:46:27;25708,5;1;ASK;25708,5;25708,5
2025-12-09 00:46:28;25708,25;3;ASK;25708,25;25708,25
2025-12-09 00:46:34;25706,75;6;ASK;25706,75;25706,75
2025-12-09 00:46:35;25706,25;5;ASK;25706,25;25706,25
2025-12-09 00:46:36;25706,25;12;ASK;25706,25;25706,25
2025-12-09 00:46:37;25705,75;1;ASK;25705,75;25705,75
2025-12-09 00:46:38;25705,5;1;ASK;25705,5;25705,5
2025-12-09 00:46:40;25704,75;1;ASK;25704,75;25704,75
2025-12-09 00:46:41;25706,0;7;ASK;25706,0;25706,0
2025-12-09 00:46:43;25706,25;1;ASK;25706,25;25706,25
2025-12-09 00:46:48;25706,25;1;ASK;25706,25;25706,25
2025-12-09 00:46:49;25706,0;1;ASK;25706,0;25706,0
2025-12-09 00:46:56;25706,75;5;ASK;25706,75;25706,75
2025-12-09 00:46:58;25707,25;3;ASK;25707,25;25707,25
2025-12-09 00:47:09;25707,0;1;ASK;25707,0;25707,0
2025-12-09 00:47:12;25706,0;1;ASK;25706,0;25706,0
2025-12-09 00:47:18;25704,5;2;ASK;25704,5;25704,5
2025-12-09 00:47:20;25707,0;6;ASK;25707,0;25707,0
2025-12-09 00:47:21;25707,5;2;ASK;25707,5;25707,5
2025-12-09 00:47:23;25708,25;2;ASK;25708,25;25708,25
2025-12-09 00:47:31;25708,5;2;ASK;25708,5;25708,5
2025-12-09 00:47:37;25707,0;18;ASK;25707,0;25707,0
2025-12-09 00:47:38;25707,5;2;ASK;25707,5;25707,5
2025-12-09 00:47:40;25708,25;2;ASK;25708,25;25708,25
2025-12-09 00:47:43;25708,25;4;ASK;25708,25;25708,25
2025-12-09 00:47:51;25708,0;1;ASK;25708,0;25708,0
2025-12-09 00:47:56;25709,25;3;ASK;25709,25;25709,25
2025-12-09 00:47:57;25708,75;22;ASK;25708,75;25708,75
2025-12-09 00:47:59;25709,5;1;ASK;25709,5;25709,5
2025-12-09 00:48:01;25711,75;16;ASK;25711,75;25711,75
2025-12-09 00:48:02;25710,0;2;ASK;25710,0;25710,0
2025-12-09 00:48:03;25709,25;3;ASK;25709,25;25709,25
2025-12-09 00:48:04;25708,25;2;ASK;25708,25;25708,25
2025-12-09 00:48:06;25709,0;2;ASK;25709,0;25709,0
2025-12-09 00:48:07;25707,5;3;ASK;25707,5;25707,5
2025-12-09 00:48:09;25708,5;1;ASK;25708,5;25708,5
2025-12-09 00:48:10;25708,0;4;ASK;25708,0;25708,0
2025-12-09 00:48:12;25708,25;1;ASK;25708,25;25708,25
2025-12-09 00:48:20;25708,0;1;ASK;25708,0;25708,0
2025-12-09 00:48:21;25707,75;1;ASK;25707,75;25707,75
2025-12-09 00:48:23;25708,5;4;ASK;25708,5;25708,5
2025-12-09 00:48:25;25708,0;1;ASK;25708,0;25708,0
2025-12-09 00:48:26;25709,5;2;ASK;25709,5;25709,5
2025-12-09 00:48:33;25709,5;3;ASK;25709,5;25709,5
2025-12-09 00:48:38;25709,25;1;ASK;25709,25;25709,25
2025-12-09 00:48:46;25710,0;2;ASK;25710,0;25710,0
2025-12-09 00:48:50;25708,75;5;ASK;25708,75;25708,75
2025-12-09 00:48:54;25710,25;8;ASK;25710,25;25710,25
2025-12-09 00:48:57;25710,0;1;ASK;25710,0;25710,0
2025-12-09 00:48:58;25709,75;1;ASK;25709,75;25709,75
2025-12-09 00:48:59;25710,5;3;ASK;25710,5;25710,5
2025-12-09 00:49:00;25710,0;3;ASK;25710,0;25710,0
2025-12-09 00:49:02;25710,0;1;ASK;25710,0;25710,0
2025-12-09 00:49:03;25709,0;3;ASK;25709,0;25709,0
2025-12-09 00:49:04;25710,0;2;ASK;25710,0;25710,0
2025-12-09 00:49:06;25709,75;1;ASK;25709,75;25709,75
2025-12-09 00:49:10;25709,75;17;ASK;25709,75;25709,75
2025-12-09 00:49:14;25708,25;1;ASK;25708,25;25708,25
2025-12-09 00:49:16;25708,5;6;ASK;25708,5;25708,5
2025-12-09 00:49:19;25707,0;1;ASK;25707,0;25707,0
2025-12-09 00:49:22;25706,75;5;ASK;25706,75;25706,75
2025-12-09 00:49:30;25706,75;1;ASK;25706,75;25706,75
2025-12-09 00:49:33;25707,5;1;ASK;25707,5;25707,5
2025-12-09 00:49:41;25706,25;1;ASK;25706,25;25706,25
2025-12-09 00:49:42;25707,25;1;ASK;25707,25;25707,25
2025-12-09 00:49:44;25708,0;1;ASK;25708,0;25708,0
2025-12-09 00:49:54;25707,25;2;ASK;25707,25;25707,25
2025-12-09 00:49:55;25707,0;1;ASK;25707,0;25707,0
2025-12-09 00:49:56;25708,0;2;ASK;25708,0;25708,0
2025-12-09 00:50:01;25708,75;1;ASK;25708,75;25708,75
2025-12-09 00:50:02;25709,0;1;ASK;25709,0;25709,0
2025-12-09 00:50:07;25709,5;3;ASK;25709,5;25709,5
2025-12-09 00:50:08;25709,25;5;ASK;25709,25;25709,25
2025-12-09 00:50:13;25708,75;3;ASK;25708,75;25708,75
2025-12-09 00:50:15;25710,25;8;ASK;25710,25;25710,25
2025-12-09 00:50:16;25710,5;1;ASK;25710,5;25710,5
2025-12-09 00:50:18;25710,25;1;ASK;25710,25;25710,25
2025-12-09 00:50:20;25711,75;4;ASK;25711,75;25711,75
2025-12-09 00:50:21;25712,0;1;ASK;25712,0;25712,0
2025-12-09 00:50:22;25713,25;10;ASK;25713,25;25713,25
2025-12-09 00:50:23;25712,75;1;ASK;25712,75;25712,75
2025-12-09 00:50:24;25713,0;1;ASK;25713,0;25713,0
2025-12-09 00:50:26;25712,25;1;ASK;25712,25;25712,25
2025-12-09 00:50:27;25713,25;5;ASK;25713,25;25713,25
2025-12-09 00:50:30;25711,75;2;ASK;25711,75;25711,75
2025-12-09 00:50:32;25712,75;1;ASK;25712,75;25712,75
2025-12-09 00:50:34;25712,5;1;ASK;25712,5;25712,5
2025-12-09 00:50:35;25713,0;5;ASK;25713,0;25713,0
2025-12-09 00:50:36;25714,0;2;ASK;25714,0;25714,0
2025-12-09 00:50:39;25713,0;2;ASK;25713,0;25713,0
2025-12-09 00:50:40;25712,5;1;ASK;25712,5;25712,5
2025-12-09 00:50:42;25713,0;2;ASK;25713,0;25713,0
2025-12-09 00:50:47;25712,25;1;ASK;25712,25;25712,25
2025-12-09 00:50:49;25712,0;14;ASK;25712,0;25712,0
2025-12-09 00:50:56;25711,75;1;ASK;25711,75;25711,75
2025-12-09 00:50:58;25712,5;2;ASK;25712,5;25712,5
2025-12-09 00:51:05;25714,0;7;ASK;25714,0;25714,0
2025-12-09 00:51:06;25714,5;4;ASK;25714,5;25714,5
2025-12-09 00:51:07;25715,5;7;ASK;25715,5;25715,5
2025-12-09 00:51:09;25715,25;2;ASK;25715,25;25715,25
2025-12-09 00:51:10;25715,5;2;ASK;25715,5;25715,5
2025-12-09 00:51:12;25713,25;10;ASK;25713,25;25713,25
2025-12-09 00:51:14;25714,0;1;ASK;25714,0;25714,0
2025-12-09 00:51:16;25714,25;1;ASK;25714,25;25714,25
2025-12-09 00:51:17;25714,0;1;ASK;25714,0;25714,0
2025-12-09 00:51:19;25714,0;1;ASK;25714,0;25714,0
2025-12-09 00:51:20;25712,75;6;ASK;25712,75;25712,75
2025-12-09 00:51:21;25711,75;2;ASK;25711,75;25711,75
2025-12-09 00:51:24;25712,25;1;ASK;25712,25;25712,25
2025-12-09 00:51:25;25712,0;1;ASK;25712,0;25712,0
2025-12-09 00:51:29;25712,25;2;ASK;25712,25;25712,25
2025-12-09 00:51:34;25713,0;2;ASK;25713,0;25713,0
2025-12-09 00:51:35;25712,5;1;ASK;25712,5;25712,5
2025-12-09 00:51:37;25713,5;7;ASK;25713,5;25713,5
2025-12-09 00:51:46;25714,5;2;ASK;25714,5;25714,5
2025-12-09 00:51:47;25713,75;1;ASK;25713,75;25713,75
2025-12-09 00:51:48;25714,75;1;ASK;25714,75;25714,75
2025-12-09 00:51:49;25714,75;2;ASK;25714,75;25714,75
2025-12-09 00:51:50;25715,25;2;ASK;25715,25;25715,25
2025-12-09 00:51:51;25715,0;5;ASK;25715,0;25715,0
2025-12-09 00:51:52;25715,0;1;ASK;25715,0;25715,0
2025-12-09 00:51:53;25715,0;2;ASK;25715,0;25715,0
2025-12-09 00:51:54;25715,5;7;ASK;25715,5;25715,5
2025-12-09 00:51:57;25714,25;17;ASK;25714,25;25714,25
2025-12-09 00:51:58;25716,75;5;ASK;25716,75;25716,75
2025-12-09 00:51:59;25716,25;8;ASK;25716,25;25716,25
2025-12-09 00:52:00;25717,5;2;ASK;25717,5;25717,5
2025-12-09 00:52:02;25717,25;3;ASK;25717,25;25717,25
2025-12-09 00:52:04;25717,25;2;ASK;25717,25;25717,25
2025-12-09 00:52:05;25717,5;14;ASK;25717,5;25717,5
2025-12-09 00:52:06;25717,0;3;ASK;25717,0;25717,0
2025-12-09 00:52:07;25715,0;7;ASK;25715,0;25715,0
2025-12-09 00:52:11;25716,75;3;ASK;25716,75;25716,75
2025-12-09 00:52:12;25716,75;1;ASK;25716,75;25716,75
2025-12-09 00:52:15;25717,5;7;ASK;25717,5;25717,5
2025-12-09 00:52:16;25718,5;3;ASK;25718,5;25718,5
2025-12-09 00:52:17;25718,75;2;ASK;25718,75;25718,75
2025-12-09 00:52:20;25718,0;1;ASK;25718,0;25718,0
2025-12-09 00:52:21;25719,5;8;ASK;25719,5;25719,5
2025-12-09 00:52:22;25718,75;1;ASK;25718,75;25718,75
2025-12-09 00:52:23;25717,75;1;ASK;25717,75;25717,75
2025-12-09 00:52:24;25717,25;3;ASK;25717,25;25717,25
2025-12-09 00:52:26;25718,75;2;ASK;25718,75;25718,75
2025-12-09 00:52:27;25717,25;4;ASK;25717,25;25717,25
2025-12-09 00:52:29;25718,25;2;ASK;25718,25;25718,25
2025-12-09 00:52:31;25718,0;2;ASK;25718,0;25718,0
2025-12-09 00:52:34;25719,25;7;ASK;25719,25;25719,25
2025-12-09 00:52:35;25719,75;2;ASK;25719,75;25719,75
2025-12-09 00:52:37;25719,0;1;ASK;25719,0;25719,0
2025-12-09 00:52:40;25719,75;2;ASK;25719,75;25719,75
2025-12-09 00:52:42;25719,75;3;ASK;25719,75;25719,75
2025-12-09 00:52:44;25720,0;6;ASK;25720,0;25720,0
2025-12-09 00:52:45;25719,25;1;ASK;25719,25;25719,25
2025-12-09 00:52:47;25719,25;4;ASK;25719,25;25719,25
2025-12-09 00:52:52;25720,25;2;ASK;25720,25;25720,25
2025-12-09 00:52:53;25720,5;2;ASK;25720,5;25720,5
2025-12-09 00:52:57;25720,0;1;ASK;25720,0;25720,0
2025-12-09 00:52:58;25719,25;5;ASK;25719,25;25719,25
2025-12-09 00:52:59;25719,0;10;ASK;25719,0;25719,0
2025-12-09 00:53:03;25720,0;1;ASK;25720,0;25720,0
2025-12-09 00:53:05;25719,5;1;ASK;25719,5;25719,5
2025-12-09 00:53:07;25720,5;6;ASK;25720,5;25720,5
2025-12-09 00:53:08;25721,5;10;ASK;25721,5;25721,5
2025-12-09 00:53:09;25721,25;2;ASK;25721,25;25721,25
2025-12-09 00:53:11;25721,25;1;ASK;25721,25;25721,25
2025-12-09 00:53:12;25722,0;5;ASK;25722,0;25722,0
2025-12-09 00:53:13;25721,5;1;ASK;25721,5;25721,5
2025-12-09 00:53:15;25722,0;2;ASK;25722,0;25722,0
2025-12-09 00:53:16;25721,25;2;ASK;25721,25;25721,25
2025-12-09 00:53:17;25721,25;9;ASK;25721,25;25721,25
2025-12-09 00:53:18;25721,0;1;ASK;25721,0;25721,0
2025-12-09 00:53:19;25720,75;1;ASK;25720,75;25720,75
2025-12-09 00:53:21;25720,5;6;ASK;25720,5;25720,5
2025-12-09 00:53:23;25719,75;15;ASK;25719,75;25719,75
2025-12-09 00:53:24;25719,0;1;ASK;25719,0;25719,0
2025-12-09 00:53:27;25719,75;3;ASK;25719,75;25719,75
2025-12-09 00:53:29;25720,25;1;ASK;25720,25;25720,25
2025-12-09 00:53:30;25721,75;22;ASK;25721,75;25721,75
2025-12-09 00:53:34;25721,0;1;ASK;25721,0;25721,0
2025-12-09 00:53:37;25721,75;1;ASK;25721,75;25721,75
2025-12-09 00:53:39;25722,5;11;ASK;25722,5;25722,5
2025-12-09 00:53:40;25722,0;2;ASK;25722,0;25722,0
2025-12-09 00:53:42;25722,5;2;ASK;25722,5;25722,5
2025-12-09 00:53:44;25723,0;2;ASK;25723,0;25723,0
2025-12-09 00:53:45;25723,0;5;ASK;25723,0;25723,0
2025-12-09 00:53:46;25722,5;2;ASK;25722,5;25722,5
2025-12-09 00:53:47;25721,5;3;ASK;25721,5;25721,5
2025-12-09 00:53:49;25721,5;5;ASK;25721,5;25721,5
2025-12-09 00:53:51;25721,5;1;ASK;25721,5;25721,5
2025-12-09 00:53:52;25721,5;1;ASK;25721,5;25721,5
2025-12-09 00:53:53;25722,75;3;ASK;25722,75;25722,75
2025-12-09 00:53:59;25724,0;8;ASK;25724,0;25724,0
2025-12-09 00:54:00;25723,5;1;ASK;25723,5;25723,5
2025-12-09 00:54:01;25725,5;38;ASK;25725,5;25725,5
2025-12-09 00:54:02;25725,75;6;ASK;25725,75;25725,75
2025-12-09 00:54:03;25726,0;25;ASK;25726,0;25726,0
2025-12-09 00:54:04;25726,75;9;ASK;25726,75;25726,75
2025-12-09 00:54:05;25726,75;1;ASK;25726,75;25726,75
2025-12-09 00:54:06;25727,25;14;ASK;25727,25;25727,25
2025-12-09 00:54:07;25727,25;3;ASK;25727,25;25727,25
2025-12-09 00:54:08;25728,5;9;ASK;25728,5;25728,5
2025-12-09 00:54:09;25727,5;1;ASK;25727,5;25727,5
2025-12-09 00:54:10;25726,5;4;ASK;25726,5;25726,5
2025-12-09 00:54:13;25726,5;1;ASK;25726,5;25726,5
2025-12-09 00:54:14;25726,0;6;ASK;25726,0;25726,0
2025-12-09 00:54:15;25727,25;7;ASK;25727,25;25727,25
2025-12-09 00:54:16;25726,0;3;ASK;25726,0;25726,0
2025-12-09 00:54:18;25727,25;7;ASK;25727,25;25727,25
2025-12-09 00:54:19;25727,5;2;ASK;25727,5;25727,5
2025-12-09 00:54:24;25727,5;1;ASK;25727,5;25727,5
2025-12-09 00:54:25;25727,5;3;ASK;25727,5;25727,5
2025-12-09 00:54:26;25727,0;5;ASK;25727,0;25727,0
2025-12-09 00:54:29;25727,0;1;ASK;25727,0;25727,0
2025-12-09 00:54:30;25726,25;6;ASK;25726,25;25726,25
2025-12-09 00:54:31;25727,5;1;ASK;25727,5;25727,5
2025-12-09 00:54:32;25727,75;2;ASK;25727,75;25727,75
2025-12-09 00:54:34;25727,75;1;ASK;25727,75;25727,75
2025-12-09 00:54:35;25727,75;1;ASK;25727,75;25727,75
2025-12-09 00:54:36;25727,5;2;ASK;25727,5;25727,5
2025-12-09 00:54:40;25724,75;11;ASK;25724,75;25724,75
2025-12-09 00:54:41;25726,25;2;ASK;25726,25;25726,25
2025-12-09 00:54:42;25725,25;4;ASK;25725,25;25725,25
2025-12-09 00:54:44;25725,0;1;ASK;25725,0;25725,0
2025-12-09 00:54:45;25725,0;2;ASK;25725,0;25725,0
2025-12-09 00:54:46;25725,0;1;ASK;25725,0;25725,0
2025-12-09 00:54:49;25724,75;2;ASK;25724,75;25724,75
2025-12-09 00:54:55;25726,0;2;ASK;25726,0;25726,0
2025-12-09 00:54:58;25725,75;1;ASK;25725,75;25725,75
2025-12-09 00:55:00;25725,5;1;ASK;25725,5;25725,5
2025-12-09 00:55:02;25725,75;1;ASK;25725,75;25725,75
2025-12-09 00:55:03;25726,5;6;ASK;25726,5;25726,5
2025-12-09 00:55:05;25726,5;1;ASK;25726,5;25726,5
2025-12-09 00:55:07;25725,25;7;ASK;25725,25;25725,25
2025-12-09 00:55:10;25726,25;1;ASK;25726,25;25726,25
2025-12-09 00:55:13;25725,5;1;ASK;25725,5;25725,5
2025-12-09 00:55:15;25725,75;1;ASK;25725,75;25725,75
2025-12-09 00:55:19;25726,25;2;ASK;25726,25;25726,25
2025-12-09 00:55:23;25725,75;2;ASK;25725,75;25725,75
2025-12-09 00:55:24;25726,5;3;ASK;25726,5;25726,5
2025-12-09 00:55:26;25726,0;4;ASK;25726,0;25726,0
2025-12-09 00:55:27;25725,5;2;ASK;25725,5;25725,5
2025-12-09 00:55:34;25726,0;1;ASK;25726,0;25726,0
2025-12-09 00:55:37;25726,0;2;ASK;25726,0;25726,0
2025-12-09 00:55:38;25724,75;1;ASK;25724,75;25724,75
2025-12-09 00:55:40;25725,5;2;ASK;25725,5;25725,5
2025-12-09 00:55:44;25724,75;1;ASK;25724,75;25724,75
2025-12-09 00:55:51;25724,0;1;ASK;25724,0;25724,0
2025-12-09 00:55:52;25724,5;2;ASK;25724,5;25724,5
2025-12-09 00:55:54;25723,75;1;ASK;25723,75;25723,75
2025-12-09 00:55:55;25724,5;1;ASK;25724,5;25724,5
2025-12-09 00:55:57;25722,75;3;ASK;25722,75;25722,75
2025-12-09 00:55:58;25723,5;3;ASK;25723,5;25723,5
2025-12-09 00:55:59;25722,5;4;ASK;25722,5;25722,5
2025-12-09 00:56:05;25722,75;1;ASK;25722,75;25722,75
2025-12-09 00:56:07;25723,75;3;ASK;25723,75;25723,75
2025-12-09 00:56:09;25724,0;1;ASK;25724,0;25724,0
2025-12-09 00:56:13;25724,75;1;ASK;25724,75;25724,75
2025-12-09 00:56:17;25725,25;1;ASK;25725,25;25725,25
2025-12-09 00:56:18;25724,25;1;ASK;25724,25;25724,25
2025-12-09 00:56:21;25724,0;1;ASK;25724,0;25724,0
2025-12-09 00:56:25;25724,5;1;ASK;25724,5;25724,5
2025-12-09 00:56:29;25725,0;1;ASK;25725,0;25725,0
2025-12-09 00:56:30;25724,25;4;ASK;25724,25;25724,25
2025-12-09 00:56:32;25725,25;1;ASK;25725,25;25725,25
2025-12-09 00:56:34;25725,75;2;ASK;25725,75;25725,75
2025-12-09 00:56:35;25725,5;1;ASK;25725,5;25725,5
2025-12-09 00:56:37;25725,25;1;ASK;25725,25;25725,25
2025-12-09 00:56:39;25725,5;14;ASK;25725,5;25725,5
2025-12-09 00:56:40;25725,25;7;ASK;25725,25;25725,25
2025-12-09 00:56:41;25725,25;1;ASK;25725,25;25725,25
2025-12-09 00:56:43;25723,75;8;ASK;25723,75;25723,75
2025-12-09 00:56:45;25724,0;1;ASK;25724,0;25724,0
2025-12-09 00:56:49;25724,5;1;ASK;25724,5;25724,5
2025-12-09 00:56:52;25724,25;1;ASK;25724,25;25724,25
2025-12-09 00:56:53;25723,25;1;ASK;25723,25;25723,25
2025-12-09 00:56:55;25723,5;1;ASK;25723,5;25723,5
2025-12-09 00:56:56;25723,0;1;ASK;25723,0;25723,0
2025-12-09 00:56:59;25724,0;1;ASK;25724,0;25724,0
2025-12-09 00:57:02;25724,75;1;ASK;25724,75;25724,75
2025-12-09 00:57:03;25725,25;1;ASK;25725,25;25725,25
2025-12-09 00:57:06;25724,5;1;ASK;25724,5;25724,5
2025-12-09 00:57:07;25725,25;1;ASK;25725,25;25725,25
2025-12-09 00:57:12;25725,0;1;ASK;25725,0;25725,0
2025-12-09 00:57:17;25724,25;1;ASK;25724,25;25724,25
2025-12-09 00:57:22;25725,5;2;ASK;25725,5;25725,5
2025-12-09 00:57:26;25725,0;1;ASK;25725,0;25725,0
2025-12-09 00:57:33;25725,0;1;ASK;25725,0;25725,0
2025-12-09 00:57:35;25725,5;14;ASK;25725,5;25725,5
2025-12-09 00:57:36;25726,25;3;ASK;25726,25;25726,25
2025-12-09 00:57:37;25727,75;51;ASK;25727,75;25727,75
2025-12-09 00:57:41;25727,5;1;ASK;25727,5;25727,5
2025-12-09 00:57:42;25726,75;1;ASK;25726,75;25726,75
2025-12-09 00:57:43;25726,75;2;ASK;25726,75;25726,75
2025-12-09 00:57:44;25728,0;5;ASK;25728,0;25728,0
2025-12-09 00:57:45;25726,25;3;ASK;25726,25;25726,25
2025-12-09 00:57:48;25726,25;1;ASK;25726,25;25726,25
2025-12-09 00:57:49;25727,0;1;ASK;25727,0;25727,0
2025-12-09 00:57:50;25725,75;3;ASK;25725,75;25725,75
2025-12-09 00:57:53;25724,75;2;ASK;25724,75;25724,75
2025-12-09 00:57:54;25724,5;1;ASK;25724,5;25724,5
2025-12-09 00:58:02;25727,5;20;ASK;25727,5;25727,5
2025-12-09 00:58:03;25726,75;1;ASK;25726,75;25726,75
2025-12-09 00:58:04;25726,75;1;ASK;25726,75;25726,75
2025-12-09 00:58:05;25726,5;1;ASK;25726,5;25726,5
2025-12-09 00:58:06;25727,25;44;ASK;25727,25;25727,25
2025-12-09 00:58:07;25727,0;1;ASK;25727,0;25727,0
2025-12-09 00:58:08;25726,75;1;ASK;25726,75;25726,75
2025-12-09 00:58:09;25727,0;1;ASK;25727,0;25727,0
2025-12-09 00:58:11;25726,0;1;ASK;25726,0;25726,0
2025-12-09 00:58:12;25726,0;1;ASK;25726,0;25726,0
2025-12-09 00:58:14;25725,75;1;ASK;25725,75;25725,75
2025-12-09 00:58:15;25726,0;2;ASK;25726,0;25726,0
2025-12-09 00:58:17;25726,0;1;ASK;25726,0;25726,0
2025-12-09 00:58:18;25725,5;2;ASK;25725,5;25725,5
2025-12-09 00:58:25;25726,0;1;ASK;25726,0;25726,0
2025-12-09 00:58:29;25726,75;1;ASK;25726,75;25726,75
2025-12-09 00:58:30;25726,5;2;ASK;25726,5;25726,5
2025-12-09 00:58:37;25725,0;3;ASK;25725,0;25725,0
2025-12-09 00:58:39;25724,75;1;ASK;25724,75;25724,75
2025-12-09 00:58:41;25725,5;3;ASK;25725,5;25725,5
2025-12-09 00:58:48;25725,25;1;ASK;25725,25;25725,25
2025-12-09 00:58:53;25724,75;1;ASK;25724,75;25724,75
2025-12-09 00:59:00;25725,0;2;ASK;25725,0;25725,0
2025-12-09 00:59:01;25725,25;1;ASK;25725,25;25725,25
2025-12-09 00:59:04;25725,0;1;ASK;25725,0;25725,0
2025-12-09 00:59:06;25724,5;1;ASK;25724,5;25724,5
2025-12-09 00:59:09;25725,25;2;ASK;25725,25;25725,25
2025-12-09 00:59:12;25724,5;1;ASK;25724,5;25724,5
2025-12-09 00:59:13;25723,5;12;ASK;25723,5;25723,5
2025-12-09 00:59:15;25724,25;2;ASK;25724,25;25724,25
2025-12-09 00:59:16;25723,25;2;ASK;25723,25;25723,25
2025-12-09 00:59:19;25724,5;1;ASK;25724,5;25724,5
2025-12-09 00:59:25;25724,5;1;ASK;25724,5;25724,5
2025-12-09 00:59:31;25723,5;4;ASK;25723,5;25723,5
2025-12-09 00:59:32;25724,25;1;ASK;25724,25;25724,25
2025-12-09 00:59:35;25724,0;1;ASK;25724,0;25724,0
2025-12-09 00:59:36;25723,5;1;ASK;25723,5;25723,5
2025-12-09 00:59:37;25723,25;1;ASK;25723,25;25723,25
2025-12-09 00:59:39;25724,0;1;ASK;25724,0;25724,0
2025-12-09 00:59:40;25724,75;2;ASK;25724,75;25724,75
2025-12-09 00:59:42;25725,5;7;ASK;25725,5;25725,5
2025-12-09 00:59:47;25726,5;13;ASK;25726,5;25726,5
2025-12-09 00:59:50;25726,75;2;ASK;25726,75;25726,75
2025-12-09 00:59:51;25727,5;1;ASK;25727,5;25727,5
2025-12-09 00:59:52;25727,25;2;ASK;25727,25;25727,25
2025-12-09 00:59:53;25726,75;3;ASK;25726,75;25726,75
2025-12-09 00:59:57;25727,0;2;ASK;25727,0;25727,0
2025-12-09 01:00:00;25726,25;3;ASK;25726,25;25726,25
2025-12-09 01:00:01;25726,5;2;ASK;25726,5;25726,5
2025-12-09 01:00:02;25727,0;1;ASK;25727,0;25727,0
2025-12-09 01:00:03;25725,75;8;ASK;25725,75;25725,75
2025-12-09 01:00:05;25725,5;5;ASK;25725,5;25725,5
2025-12-09 01:00:06;25727,0;1;ASK;25727,0;25727,0
2025-12-09 01:00:09;25724,0;8;ASK;25724,0;25724,0
2025-12-09 01:00:11;25725,0;2;ASK;25725,0;25725,0
2025-12-09 01:00:13;25724,75;1;ASK;25724,75;25724,75
2025-12-09 01:00:14;25722,75;6;ASK;25722,75;25722,75
2025-12-09 01:00:16;25722,0;10;ASK;25722,0;25722,0
2025-12-09 01:00:18;25722,0;1;ASK;25722,0;25722,0
2025-12-09 01:00:20;25721,75;7;ASK;25721,75;25721,75
2025-12-09 01:00:21;25722,0;2;ASK;25722,0;25722,0
2025-12-09 01:00:23;25722,25;3;ASK;25722,25;25722,25
2025-12-09 01:00:25;25722,0;3;ASK;25722,0;25722,0
2025-12-09 01:00:26;25721,5;7;ASK;25721,5;25721,5
2025-12-09 01:00:27;25723,5;6;ASK;25723,5;25723,5
2025-12-09 01:00:28;25723,75;1;ASK;25723,75;25723,75
2025-12-09 01:00:30;25723,75;2;ASK;25723,75;25723,75
2025-12-09 01:00:31;25722,5;2;ASK;25722,5;25722,5
2025-12-09 01:00:33;25722,25;1;ASK;25722,25;25722,25
2025-12-09 01:00:34;25722,0;20;ASK;25722,0;25722,0
2025-12-09 01:00:35;25721,25;2;ASK;25721,25;25721,25
2025-12-09 01:00:37;25720,75;3;ASK;25720,75;25720,75
2025-12-09 01:00:38;25719,5;15;ASK;25719,5;25719,5
2025-12-09 01:00:40;25721,0;2;ASK;25721,0;25721,0
2025-12-09 01:00:44;25720,5;4;ASK;25720,5;25720,5
2025-12-09 01:00:48;25719,75;1;ASK;25719,75;25719,75
2025-12-09 01:00:49;25720,5;1;ASK;25720,5;25720,5
2025-12-09 01:00:53;25722,0;3;ASK;25722,0;25722,0
2025-12-09 01:00:55;25722,5;1;ASK;25722,5;25722,5
2025-12-09 01:00:56;25723,25;1;ASK;25723,25;25723,25
2025-12-09 01:01:00;25722,25;1;ASK;25722,25;25722,25
2025-12-09 01:01:02;25723,5;8;ASK;25723,5;25723,5
2025-12-09 01:01:03;25722,75;7;ASK;25722,75;25722,75
2025-12-09 01:01:04;25723,75;1;ASK;25723,75;25723,75
2025-12-09 01:01:06;25723,75;2;ASK;25723,75;25723,75
2025-12-09 01:01:07;25721,75;1;ASK;25721,75;25721,75
2025-12-09 01:01:09;25723,0;6;ASK;25723,0;25723,0
2025-12-09 01:01:15;25721,25;5;ASK;25721,25;25721,25
2025-12-09 01:01:16;25721,75;1;ASK;25721,75;25721,75
2025-12-09 01:01:18;25722,0;1;ASK;25722,0;25722,0
2025-12-09 01:01:19;25722,0;1;ASK;25722,0;25722,0
2025-12-09 01:01:21;25723,5;2;ASK;25723,5;25723,5
2025-12-09 01:01:22;25722,5;5;ASK;25722,5;25722,5
2025-12-09 01:01:27;25722,25;2;ASK;25722,25;25722,25
2025-12-09 01:01:30;25723,0;1;ASK;25723,0;25723,0
2025-12-09 01:01:32;25723,5;1;ASK;25723,5;25723,5
2025-12-09 01:01:38;25722,25;1;ASK;25722,25;25722,25
2025-12-09 01:01:41;25721,25;2;ASK;25721,25;25721,25
2025-12-09 01:01:43;25721,25;1;ASK;25721,25;25721,25
2025-12-09 01:01:49;25723,0;1;ASK;25723,0;25723,0
2025-12-09 01:01:50;25725,0;5;ASK;25725,0;25725,0
2025-12-09 01:01:51;25725,25;2;ASK;25725,25;25725,25
2025-12-09 01:01:57;25725,25;2;ASK;25725,25;25725,25
2025-12-09 01:01:59;25725,25;1;ASK;25725,25;25725,25
2025-12-09 01:02:01;25726,25;1;ASK;25726,25;25726,25
2025-12-09 01:02:03;25724,5;2;ASK;25724,5;25724,5
2025-12-09 01:02:08;25724,5;1;ASK;25724,5;25724,5
2025-12-09 01:02:09;25725,0;1;ASK;25725,0;25725,0
2025-12-09 01:02:12;25724,75;1;ASK;25724,75;25724,75
2025-12-09 01:02:13;25726,0;4;ASK;25726,0;25726,0
2025-12-09 01:02:14;25726,25;1;ASK;25726,25;25726,25
2025-12-09 01:02:15;25726,0;1;ASK;25726,0;25726,0
2025-12-09 01:02:16;25726,75;2;ASK;25726,75;25726,75
2025-12-09 01:02:19;25726,5;1;ASK;25726,5;25726,5
2025-12-09 01:02:23;25726,5;5;ASK;25726,5;25726,5
2025-12-09 01:02:24;25724,75;11;ASK;25724,75;25724,75
2025-12-09 01:02:30;25726,75;3;ASK;25726,75;25726,75
2025-12-09 01:02:31;25725,75;2;ASK;25725,75;25725,75
2025-12-09 01:02:33;25725,0;5;ASK;25725,0;25725,0
2025-12-09 01:02:40;25725,25;2;ASK;25725,25;25725,25
2025-12-09 01:02:43;25724,75;5;ASK;25724,75;25724,75
2025-12-09 01:02:45;25724,75;2;ASK;25724,75;25724,75
2025-12-09 01:02:53;25724,25;1;ASK;25724,25;25724,25
2025-12-09 01:02:54;25723,75;1;ASK;25723,75;25723,75
2025-12-09 01:03:00;25723,75;2;ASK;25723,75;25723,75
2025-12-09 01:03:03;25724,25;1;ASK;25724,25;25724,25
2025-12-09 01:03:04;25723,75;1;ASK;25723,75;25723,75
2025-12-09 01:03:05;25723,75;1;ASK;25723,75;25723,75
2025-12-09 01:03:08;25725,25;4;ASK;25725,25;25725,25
2025-12-09 01:03:11;25725,0;2;ASK;25725,0;25725,0
2025-12-09 01:03:17;25725,25;2;ASK;25725,25;25725,25
2025-12-09 01:03:18;25724,25;1;ASK;25724,25;25724,25
2025-12-09 01:03:19;25724,0;1;ASK;25724,0;25724,0
2025-12-09 01:03:33;25724,25;1;ASK;25724,25;25724,25
2025-12-09 01:03:37;25724,0;1;ASK;25724,0;25724,0
2025-12-09 01:03:45;25724,0;1;ASK;25724,0;25724,0
2025-12-09 01:03:47;25722,25;43;ASK;25722,25;25722,25
2025-12-09 01:03:49;25722,5;2;ASK;25722,5;25722,5
2025-12-09 01:03:50;25721,0;3;ASK;25721,0;25721,0
2025-12-09 01:03:52;25721,75;2;ASK;25721,75;25721,75
2025-12-09 01:03:53;25720,25;4;ASK;25720,25;25720,25
2025-12-09 01:03:57;25721,5;6;ASK;25721,5;25721,5
2025-12-09 01:04:02;25721,5;1;ASK;25721,5;25721,5
2025-12-09 01:04:03;25721,0;5;ASK;25721,0;25721,0
2025-12-09 01:04:07;25719,0;6;ASK;25719,0;25719,0
2025-12-09 01:04:08;25719,0;11;ASK;25719,0;25719,0
2025-12-09 01:04:09;25718,5;3;ASK;25718,5;25718,5
2025-12-09 01:04:10;25719,5;6;ASK;25719,5;25719,5
2025-12-09 01:04:13;25718,25;3;ASK;25718,25;25718,25
2025-12-09 01:04:15;25717,25;4;ASK;25717,25;25717,25
2025-12-09 01:04:17;25716,75;8;ASK;25716,75;25716,75
2025-12-09 01:04:18;25718,0;2;ASK;25718,0;25718,0
2025-12-09 01:04:20;25717,25;1;ASK;25717,25;25717,25
2025-12-09 01:04:21;25718,0;2;ASK;25718,0;25718,0
2025-12-09 01:04:24;25717,0;4;ASK;25717,0;25717,0
2025-12-09 01:04:27;25717,0;1;ASK;25717,0;25717,0
2025-12-09 01:04:28;25716,0;5;ASK;25716,0;25716,0
2025-12-09 01:04:31;25717,5;11;ASK;25717,5;25717,5
2025-12-09 01:04:38;25720,75;15;ASK;25720,75;25720,75
2025-12-09 01:04:39;25720,25;1;ASK;25720,25;25720,25
2025-12-09 01:04:42;25721,0;2;ASK;25721,0;25721,0
2025-12-09 01:04:47;25722,0;1;ASK;25722,0;25722,0
2025-12-09 01:04:52;25720,5;4;ASK;25720,5;25720,5
2025-12-09 01:04:58;25722,0;2;ASK;25722,0;25722,0
2025-12-09 01:05:01;25723,75;16;ASK;25723,75;25723,75
2025-12-09 01:05:04;25722,0;1;ASK;25722,0;25722,0
2025-12-09 01:05:05;25721,25;4;ASK;25721,25;25721,25
2025-12-09 01:05:06;25721,25;1;ASK;25721,25;25721,25
2025-12-09 01:05:08;25721,5;1;ASK;25721,5;25721,5
2025-12-09 01:05:09;25722,5;2;ASK;25722,5;25722,5
2025-12-09 01:05:10;25723,25;1;ASK;25723,25;25723,25
2025-12-09 01:05:15;25722,25;1;ASK;25722,25;25722,25
2025-12-09 01:05:19;25722,5;1;ASK;25722,5;25722,5
2025-12-09 01:05:20;25722,75;1;ASK;25722,75;25722,75
2025-12-09 01:05:24;25722,5;1;ASK;25722,5;25722,5
2025-12-09 01:05:25;25722,5;2;ASK;25722,5;25722,5
2025-12-09 01:05:28;25723,25;2;ASK;25723,25;25723,25
2025-12-09 01:05:29;25723,25;2;ASK;25723,25;25723,25
2025-12-09 01:05:30;25722,25;1;ASK;25722,25;25722,25
2025-12-09 01:05:31;25722,25;1;ASK;25722,25;25722,25
2025-12-09 01:05:41;25723,5;3;ASK;25723,5;25723,5
2025-12-09 01:05:47;25722,75;1;ASK;25722,75;25722,75
2025-12-09 01:05:49;25722,5;1;ASK;25722,5;25722,5
2025-12-09 01:05:58;25720,75;4;ASK;25720,75;25720,75
2025-12-09 01:06:01;25721,0;1;ASK;25721,0;25721,0
2025-12-09 01:06:02;25720,5;2;ASK;25720,5;25720,5
2025-12-09 01:06:03;25721,0;1;ASK;25721,0;25721,0
2025-12-09 01:06:04;25721,75;1;ASK;25721,75;25721,75
2025-12-09 01:06:05;25721,25;3;ASK;25721,25;25721,25
2025-12-09 01:06:06;25721,5;2;ASK;25721,5;25721,5
2025-12-09 01:06:11;25720,5;3;ASK;25720,5;25720,5
2025-12-09 01:06:15;25720,75;1;ASK;25720,75;25720,75
2025-12-09 01:06:17;25720,5;1;ASK;25720,5;25720,5
2025-12-09 01:06:20;25719,75;1;ASK;25719,75;25719,75
2025-12-09 01:06:26;25719,75;1;ASK;25719,75;25719,75
2025-12-09 01:06:30;25719,75;2;ASK;25719,75;25719,75
2025-12-09 01:06:31;25720,5;1;ASK;25720,5;25720,5
2025-12-09 01:06:32;25719,75;1;ASK;25719,75;25719,75
2025-12-09 01:06:36;25720,0;1;ASK;25720,0;25720,0
2025-12-09 01:06:38;25720,25;2;ASK;25720,25;25720,25
2025-12-09 01:06:40;25720,75;4;ASK;25720,75;25720,75
2025-12-09 01:06:41;25722,0;1;ASK;25722,0;25722,0
2025-12-09 01:06:43;25722,0;1;ASK;25722,0;25722,0
2025-12-09 01:06:45;25722,75;2;ASK;25722,75;25722,75
2025-12-09 01:06:47;25721,75;1;ASK;25721,75;25721,75
2025-12-09 01:06:50;25721,75;1;ASK;25721,75;25721,75
2025-12-09 01:06:51;25720,75;1;ASK;25720,75;25720,75
2025-12-09 01:06:53;25722,25;1;ASK;25722,25;25722,25
2025-12-09 01:06:57;25721,25;2;ASK;25721,25;25721,25
2025-12-09 01:07:01;25721,0;2;ASK;25721,0;25721,0
2025-12-09 01:07:09;25722,25;1;ASK;25722,25;25722,25
2025-12-09 01:07:15;25722,5;2;ASK;25722,5;25722,5
2025-12-09 01:07:19;25722,25;1;ASK;25722,25;25722,25
2025-12-09 01:07:24;25722,5;1;ASK;25722,5;25722,5
2025-12-09 01:07:27;25723,25;1;ASK;25723,25;25723,25
2025-12-09 01:07:28;25722,5;4;ASK;25722,5;25722,5
2025-12-09 01:07:35;25724,0;5;ASK;25724,0;25724,0
2025-12-09 01:07:36;25724,25;1;ASK;25724,25;25724,25
2025-12-09 01:07:41;25724,0;2;ASK;25724,0;25724,0
2025-12-09 01:07:42;25723,5;1;ASK;25723,5;25723,5
2025-12-09 01:07:47;25723,0;2;ASK;25723,0;25723,0
2025-12-09 01:08:08;25724,75;4;ASK;25724,75;25724,75
2025-12-09 01:08:12;25724,0;1;ASK;25724,0;25724,0
2025-12-09 01:08:13;25724,75;1;ASK;25724,75;25724,75
2025-12-09 01:08:20;25723,75;1;ASK;25723,75;25723,75
2025-12-09 01:08:27;25723,75;1;ASK;25723,75;25723,75
2025-12-09 01:08:28;25724,25;1;ASK;25724,25;25724,25
2025-12-09 01:08:33;25723,5;1;ASK;25723,5;25723,5
2025-12-09 01:08:34;25723,0;3;ASK;25723,0;25723,0
2025-12-09 01:08:37;25722,0;3;ASK;25722,0;25722,0
2025-12-09 01:08:39;25721,25;1;ASK;25721,25;25721,25
2025-12-09 01:08:42;25721,25;1;ASK;25721,25;25721,25
2025-12-09 01:08:44;25721,75;1;ASK;25721,75;25721,75
2025-12-09 01:08:46;25721,5;1;ASK;25721,5;25721,5
2025-12-09 01:08:48;25720,5;8;ASK;25720,5;25720,5
2025-12-09 01:08:50;25720,0;1;ASK;25720,0;25720,0
2025-12-09 01:09:03;25720,5;1;ASK;25720,5;25720,5
2025-12-09 01:09:04;25720,5;1;ASK;25720,5;25720,5
2025-12-09 01:09:11;25721,25;1;ASK;25721,25;25721,25
2025-12-09 01:09:12;25721,75;2;ASK;25721,75;25721,75
2025-12-09 01:09:13;25722,75;1;ASK;25722,75;25722,75
2025-12-09 01:09:30;25723,25;1;ASK;25723,25;25723,25
2025-12-09 01:09:35;25722,0;1;ASK;25722,0;25722,0
2025-12-09 01:09:40;25722,0;1;ASK;25722,0;25722,0
2025-12-09 01:09:43;25722,0;1;ASK;25722,0;25722,0
2025-12-09 01:09:49;25723,5;1;ASK;25723,5;25723,5
2025-12-09 01:10:03;25723,0;1;ASK;25723,0;25723,0
2025-12-09 01:10:07;25723,0;1;ASK;25723,0;25723,0
2025-12-09 01:10:10;25722,75;1;ASK;25722,75;25722,75
2025-12-09 01:10:12;25721,5;2;ASK;25721,5;25721,5
2025-12-09 01:10:28;25721,75;2;ASK;25721,75;25721,75
2025-12-09 01:10:29;25722,25;1;ASK;25722,25;25722,25
2025-12-09 01:10:31;25722,0;1;ASK;25722,0;25722,0
2025-12-09 01:10:39;25723,5;1;ASK;25723,5;25723,5
2025-12-09 01:10:41;25724,0;2;ASK;25724,0;25724,0
2025-12-09 01:10:45;25724,25;11;ASK;25724,25;25724,25
2025-12-09 01:10:59;25724,5;1;ASK;25724,5;25724,5
2025-12-09 01:11:02;25725,25;8;ASK;25725,25;25725,25
2025-12-09 01:11:09;25725,0;1;ASK;25725,0;25725,0
2025-12-09 01:11:12;25723,25;7;ASK;25723,25;25723,25
2025-12-09 01:11:14;25723,5;1;ASK;25723,5;25723,5
2025-12-09 01:11:15;25723,0;1;ASK;25723,0;25723,0
2025-12-09 01:11:19;25723,5;2;ASK;25723,5;25723,5
2025-12-09 01:11:29;25723,0;1;ASK;25723,0;25723,0
2025-12-09 01:11:35;25723,25;2;ASK;25723,25;25723,25
2025-12-09 01:11:43;25722,5;1;ASK;25722,5;25722,5
2025-12-09 01:11:45;25722,5;1;ASK;25722,5;25722,5
2025-12-09 01:11:48;25722,0;2;ASK;25722,0;25722,0
2025-12-09 01:11:49;25723,25;4;ASK;25723,25;25723,25
2025-12-09 01:12:07;25722,0;1;ASK;25722,0;25722,0
2025-12-09 01:12:12;25722,25;1;ASK;25722,25;25722,25
2025-12-09 01:12:32;25722,75;1;ASK;25722,75;25722,75
2025-12-09 01:12:43;25721,0;3;ASK;25721,0;25721,0
2025-12-09 01:12:55;25721,0;1;ASK;25721,0;25721,0
2025-12-09 01:13:00;25721,0;1;ASK;25721,0;25721,0
2025-12-09 01:13:02;25722,25;1;ASK;25722,25;25722,25
2025-12-09 01:13:07;25721,5;1;ASK;25721,5;25721,5
2025-12-09 01:13:23;25721,5;2;ASK;25721,5;25721,5
2025-12-09 01:13:24;25720,5;1;ASK;25720,5;25720,5
2025-12-09 01:13:26;25721,5;1;ASK;25721,5;25721,5
2025-12-09 01:13:27;25720,5;1;ASK;25720,5;25720,5
2025-12-09 01:13:28;25721,5;1;ASK;25721,5;25721,5
2025-12-09 01:13:29;25722,25;7;ASK;25722,25;25722,25
2025-12-09 01:13:35;25722,25;1;ASK;25722,25;25722,25
2025-12-09 01:13:39;25722,25;1;ASK;25722,25;25722,25
2025-12-09 01:13:40;25723,0;1;ASK;25723,0;25723,0
2025-12-09 01:13:46;25722,75;1;ASK;25722,75;25722,75
2025-12-09 01:13:49;25723,25;5;ASK;25723,25;25723,25
2025-12-09 01:13:50;25723,25;2;ASK;25723,25;25723,25
2025-12-09 01:13:52;25723,5;3;ASK;25723,5;25723,5
2025-12-09 01:14:04;25724,0;1;ASK;25724,0;25724,0
2025-12-09 01:14:07;25724,5;2;ASK;25724,5;25724,5
2025-12-09 01:14:08;25724,5;1;ASK;25724,5;25724,5
2025-12-09 01:14:14;25723,0;1;ASK;25723,0;25723,0
2025-12-09 01:14:16;25722,0;5;ASK;25722,0;25722,0
2025-12-09 01:14:18;25721,25;1;ASK;25721,25;25721,25
2025-12-09 01:14:26;25722,5;1;ASK;25722,5;25722,5
2025-12-09 01:14:30;25721,5;1;ASK;25721,5;25721,5
2025-12-09 01:14:34;25723,5;1;ASK;25723,5;25723,5
2025-12-09 01:14:39;25722,25;1;ASK;25722,25;25722,25
2025-12-09 01:14:44;25721,75;1;ASK;25721,75;25721,75
2025-12-09 01:14:48;25721,25;3;ASK;25721,25;25721,25
2025-12-09 01:14:49;25721,0;1;ASK;25721,0;25721,0
2025-12-09 01:15:00;25720,0;5;ASK;25720,0;25720,0
2025-12-09 01:15:02;25719,5;5;ASK;25719,5;25719,5
2025-12-09 01:15:03;25719,25;1;ASK;25719,25;25719,25
2025-12-09 01:15:04;25718,25;15;ASK;25718,25;25718,25
2025-12-09 01:15:06;25719,0;1;ASK;25719,0;25719,0
2025-12-09 01:15:09;25718,75;27;ASK;25718,75;25718,75
2025-12-09 01:15:10;25719,0;2;ASK;25719,0;25719,0
2025-12-09 01:15:12;25717,75;5;ASK;25717,75;25717,75
2025-12-09 01:15:14;25717,5;1;ASK;25717,5;25717,5
2025-12-09 01:15:15;25718,0;4;ASK;25718,0;25718,0
2025-12-09 01:15:17;25717,0;5;ASK;25717,0;25717,0
2025-12-09 01:15:18;25717,75;7;ASK;25717,75;25717,75
2025-12-09 01:15:21;25718,75;4;ASK;25718,75;25718,75
2025-12-09 01:15:24;25719,25;1;ASK;25719,25;25719,25
2025-12-09 01:15:26;25718,0;3;ASK;25718,0;25718,0
2025-12-09 01:15:27;25717,5;5;ASK;25717,5;25717,5
2025-12-09 01:15:29;25718,0;1;ASK;25718,0;25718,0
2025-12-09 01:15:30;25719,0;4;ASK;25719,0;25719,0
2025-12-09 01:15:31;25719,25;4;ASK;25719,25;25719,25
2025-12-09 01:15:38;25718,0;5;ASK;25718,0;25718,0
2025-12-09 01:15:40;25718,75;8;ASK;25718,75;25718,75
2025-12-09 01:15:42;25719,75;5;ASK;25719,75;25719,75
2025-12-09 01:15:43;25719,75;1;ASK;25719,75;25719,75
2025-12-09 01:15:46;25719,5;3;ASK;25719,5;25719,5
2025-12-09 01:15:50;25720,5;6;ASK;25720,5;25720,5
2025-12-09 01:15:55;25719,75;1;ASK;25719,75;25719,75
2025-12-09 01:15:58;25720,0;4;ASK;25720,0;25720,0
2025-12-09 01:15:59;25719,75;1;ASK;25719,75;25719,75
2025-12-09 01:16:01;25719,0;4;ASK;25719,0;25719,0
2025-12-09 01:16:03;25719,5;1;ASK;25719,5;25719,5
2025-12-09 01:16:04;25720,0;1;ASK;25720,0;25720,0
2025-12-09 01:16:07;25720,75;1;ASK;25720,75;25720,75
2025-12-09 01:16:08;25721,5;11;ASK;25721,5;25721,5
2025-12-09 01:16:10;25721,0;3;ASK;25721,0;25721,0
2025-12-09 01:16:14;25720,5;1;ASK;25720,5;25720,5
2025-12-09 01:16:17;25720,25;1;ASK;25720,25;25720,25
2025-12-09 01:16:23;25720,0;1;ASK;25720,0;25720,0
2025-12-09 01:16:24;25720,25;2;ASK;25720,25;25720,25
2025-12-09 01:16:25;25719,5;1;ASK;25719,5;25719,5
2025-12-09 01:16:26;25720,0;2;ASK;25720,0;25720,0
2025-12-09 01:16:27;25719,25;1;ASK;25719,25;25719,25
2025-12-09 01:16:29;25719,5;1;ASK;25719,5;25719,5
2025-12-09 01:16:31;25720,25;2;ASK;25720,25;25720,25
2025-12-09 01:16:34;25720,25;1;ASK;25720,25;25720,25
2025-12-09 01:16:36;25721,0;1;ASK;25721,0;25721,0
2025-12-09 01:16:37;25721,0;1;ASK;25721,0;25721,0
2025-12-09 01:16:48;25722,0;1;ASK;25722,0;25722,0
2025-12-09 01:16:49;25721,25;4;ASK;25721,25;25721,25
2025-12-09 01:16:50;25721,5;1;ASK;25721,5;25721,5
2025-12-09 01:16:53;25721,0;1;ASK;25721,0;25721,0
2025-12-09 01:16:54;25720,75;3;ASK;25720,75;25720,75
2025-12-09 01:16:58;25720,5;2;ASK;25720,5;25720,5
2025-12-09 01:17:03;25719,5;1;ASK;25719,5;25719,5
2025-12-09 01:17:05;25719,5;1;ASK;25719,5;25719,5
2025-12-09 01:17:11;25719,75;1;ASK;25719,75;25719,75
2025-12-09 01:17:16;25719,25;2;ASK;25719,25;25719,25
2025-12-09 01:17:19;25718,75;2;ASK;25718,75;25718,75
2025-12-09 01:17:20;25719,5;1;ASK;25719,5;25719,5
2025-12-09 01:17:30;25720,0;1;ASK;25720,0;25720,0
2025-12-09 01:17:32;25719,0;1;ASK;25719,0;25719,0
2025-12-09 01:17:33;25718,75;1;ASK;25718,75;25718,75
2025-12-09 01:17:36;25718,0;5;ASK;25718,0;25718,0
2025-12-09 01:17:37;25716,25;32;ASK;25716,25;25716,25
2025-12-09 01:17:38;25716,0;3;ASK;25716,0;25716,0
2025-12-09 01:17:40;25714,5;10;ASK;25714,5;25714,5
2025-12-09 01:17:41;25713,5;9;ASK;25713,5;25713,5
2025-12-09 01:17:42;25714,0;1;ASK;25714,0;25714,0
2025-12-09 01:17:43;25714,0;3;ASK;25714,0;25714,0
2025-12-09 01:17:44;25715,25;7;ASK;25715,25;25715,25
2025-12-09 01:17:45;25714,75;1;ASK;25714,75;25714,75
2025-12-09 01:17:48;25714,75;1;ASK;25714,75;25714,75
2025-12-09 01:17:51;25715,0;1;ASK;25715,0;25715,0
2025-12-09 01:17:53;25714,75;1;ASK;25714,75;25714,75
2025-12-09 01:17:58;25715,5;2;ASK;25715,5;25715,5
2025-12-09 01:17:59;25716,25;3;ASK;25716,25;25716,25
2025-12-09 01:18:03;25715,0;2;ASK;25715,0;25715,0
2025-12-09 01:18:09;25715,25;2;ASK;25715,25;25715,25
2025-12-09 01:18:10;25715,0;1;ASK;25715,0;25715,0
2025-12-09 01:18:11;25714,5;1;ASK;25714,5;25714,5
2025-12-09 01:18:12;25715,25;1;ASK;25715,25;25715,25
2025-12-09 01:18:17;25716,0;1;ASK;25716,0;25716,0
2025-12-09 01:18:18;25716,0;2;ASK;25716,0;25716,0
2025-12-09 01:18:22;25716,0;2;ASK;25716,0;25716,0
2025-12-09 01:18:26;25716,0;4;ASK;25716,0;25716,0
2025-12-09 01:18:29;25716,0;1;ASK;25716,0;25716,0
2025-12-09 01:18:30;25716,75;1;ASK;25716,75;25716,75
2025-12-09 01:18:31;25716,0;2;ASK;25716,0;25716,0
2025-12-09 01:18:34;25716,5;1;ASK;25716,5;25716,5
2025-12-09 01:18:35;25716,75;1;ASK;25716,75;25716,75
2025-12-09 01:18:38;25716,75;1;ASK;25716,75;25716,75
2025-12-09 01:18:39;25717,5;1;ASK;25717,5;25717,5
2025-12-09 01:18:42;25716,75;1;ASK;25716,75;25716,75
2025-12-09 01:18:48;25717,5;1;ASK;25717,5;25717,5
2025-12-09 01:18:49;25718,25;2;ASK;25718,25;25718,25
2025-12-09 01:18:53;25716,75;3;ASK;25716,75;25716,75
2025-12-09 01:18:56;25716,0;2;ASK;25716,0;25716,0
2025-12-09 01:18:58;25716,75;1;ASK;25716,75;25716,75
2025-12-09 01:19:00;25716,25;1;ASK;25716,25;25716,25
2025-12-09 01:19:01;25717,0;1;ASK;25717,0;25717,0
2025-12-09 01:19:02;25716,25;1;ASK;25716,25;25716,25
2025-12-09 01:19:03;25716,0;1;ASK;25716,0;25716,0
2025-12-09 01:19:07;25716,5;1;ASK;25716,5;25716,5
2025-12-09 01:19:10;25716,75;1;ASK;25716,75;25716,75
2025-12-09 01:19:17;25717,5;1;ASK;25717,5;25717,5
2025-12-09 01:19:24;25716,5;1;ASK;25716,5;25716,5
2025-12-09 01:19:25;25716,25;1;ASK;25716,25;25716,25
2025-12-09 01:19:26;25716,0;1;ASK;25716,0;25716,0
2025-12-09 01:19:31;25716,75;2;ASK;25716,75;25716,75
2025-12-09 01:19:34;25716,25;1;ASK;25716,25;25716,25
2025-12-09 01:19:46;25716,75;6;ASK;25716,75;25716,75
2025-12-09 01:19:47;25718,0;4;ASK;25718,0;25718,0
2025-12-09 01:19:49;25717,25;4;ASK;25717,25;25717,25
2025-12-09 01:19:54;25718,0;2;ASK;25718,0;25718,0
2025-12-09 01:19:56;25717,25;1;ASK;25717,25;25717,25
2025-12-09 01:20:02;25718,0;2;ASK;25718,0;25718,0
2025-12-09 01:20:03;25717,25;1;ASK;25717,25;25717,25
2025-12-09 01:20:09;25717,25;2;ASK;25717,25;25717,25
2025-12-09 01:20:10;25716,75;1;ASK;25716,75;25716,75
2025-12-09 01:20:11;25717,25;1;ASK;25717,25;25717,25
2025-12-09 01:20:16;25716,5;2;ASK;25716,5;25716,5
2025-12-09 01:20:28;25717,0;1;ASK;25717,0;25717,0
2025-12-09 01:20:30;25717,5;1;ASK;25717,5;25717,5
2025-12-09 01:20:36;25718,0;1;ASK;25718,0;25718,0
2025-12-09 01:20:39;25718,0;1;ASK;25718,0;25718,0
2025-12-09 01:20:42;25717,75;1;ASK;25717,75;25717,75
2025-12-09 01:20:43;25717,5;1;ASK;25717,5;25717,5
2025-12-09 01:20:44;25717,75;2;ASK;25717,75;25717,75
2025-12-09 01:20:47;25717,25;1;ASK;25717,25;25717,25
2025-12-09 01:20:52;25717,75;1;ASK;25717,75;25717,75
2025-12-09 01:21:01;25717,25;1;ASK;25717,25;25717,25
2025-12-09 01:21:03;25717,25;1;ASK;25717,25;25717,25
2025-12-09 01:21:07;25718,0;1;ASK;25718,0;25718,0
2025-12-09 01:21:13;25718,25;2;ASK;25718,25;25718,25
2025-12-09 01:21:14;25718,5;3;ASK;25718,5;25718,5
2025-12-09 01:21:16;25718,5;1;ASK;25718,5;25718,5
2025-12-09 01:21:19;25718,25;12;ASK;25718,25;25718,25
2025-12-09 01:21:20;25718,75;1;ASK;25718,75;25718,75
2025-12-09 01:21:21;25719,0;11;ASK;25719,0;25719,0
2025-12-09 01:21:22;25719,75;2;ASK;25719,75;25719,75
2025-12-09 01:21:23;25719,0;2;ASK;25719,0;25719,0
2025-12-09 01:21:31;25717,5;6;ASK;25717,5;25717,5
2025-12-09 01:21:36;25718,75;1;ASK;25718,75;25718,75
2025-12-09 01:21:37;25718,5;1;ASK;25718,5;25718,5
2025-12-09 01:21:42;25720,25;4;ASK;25720,25;25720,25
2025-12-09 01:21:47;25720,25;3;ASK;25720,25;25720,25
2025-12-09 01:21:48;25720,75;1;ASK;25720,75;25720,75
2025-12-09 01:21:49;25721,25;2;ASK;25721,25;25721,25
2025-12-09 01:21:50;25721,5;1;ASK;25721,5;25721,5
2025-12-09 01:21:51;25720,75;1;ASK;25720,75;25720,75
2025-12-09 01:21:52;25721,5;2;ASK;25721,5;25721,5
2025-12-09 01:21:53;25720,5;1;ASK;25720,5;25720,5
2025-12-09 01:21:55;25720,0;1;ASK;25720,0;25720,0
2025-12-09 01:21:56;25720,0;3;ASK;25720,0;25720,0
2025-12-09 01:22:03;25719,75;1;ASK;25719,75;25719,75
2025-12-09 01:22:04;25718,75;4;ASK;25718,75;25718,75
2025-12-09 01:22:11;25717,25;11;ASK;25717,25;25717,25
2025-12-09 01:22:12;25717,75;1;ASK;25717,75;25717,75
2025-12-09 01:22:22;25717,25;1;ASK;25717,25;25717,25
2025-12-09 01:22:25;25717,25;1;ASK;25717,25;25717,25
2025-12-09 01:22:39;25718,5;1;ASK;25718,5;25718,5
2025-12-09 01:22:40;25718,25;1;ASK;25718,25;25718,25
2025-12-09 01:22:45;25717,25;1;ASK;25717,25;25717,25
2025-12-09 01:23:00;25716,5;1;ASK;25716,5;25716,5
2025-12-09 01:23:01;25717,25;1;ASK;25717,25;25717,25
2025-12-09 01:23:03;25716,0;4;ASK;25716,0;25716,0
2025-12-09 01:23:13;25715,25;1;ASK;25715,25;25715,25
2025-12-09 01:23:15;25716,25;2;ASK;25716,25;25716,25
2025-12-09 01:23:16;25715,75;2;ASK;25715,75;25715,75
2025-12-09 01:23:17;25716,5;2;ASK;25716,5;25716,5
2025-12-09 01:23:20;25715,75;2;ASK;25715,75;25715,75
2025-12-09 01:23:21;25715,5;1;ASK;25715,5;25715,5
2025-12-09 01:23:22;25715,5;1;ASK;25715,5;25715,5
2025-12-09 01:23:25;25715,5;1;ASK;25715,5;25715,5
2025-12-09 01:23:27;25715,5;1;ASK;25715,5;25715,5
2025-12-09 01:23:30;25716,5;2;ASK;25716,5;25716,5
2025-12-09 01:23:31;25715,0;4;ASK;25715,0;25715,0
2025-12-09 01:23:34;25714,75;1;ASK;25714,75;25714,75
2025-12-09 01:23:40;25715,5;4;ASK;25715,5;25715,5
2025-12-09 01:23:43;25715,5;1;ASK;25715,5;25715,5
2025-12-09 01:23:59;25716,75;1;ASK;25716,75;25716,75
2025-12-09 01:24:02;25716,25;2;ASK;25716,25;25716,25
2025-12-09 01:24:04;25717,5;4;ASK;25717,5;25717,5
