Timestamp;Precio;Volumen;Lado;Bid;Ask
2025-12-10 00:00:01;25682,75;96;ASK;25682,75;25682,75
2025-12-10 00:00:02;25683,75;22;ASK;25683,75;25683,75
2025-12-10 00:00:03;25683,75;10;ASK;25683,75;25683,75
2025-12-10 00:00:04;25683,0;2;ASK;25683,0;25683,0
2025-12-10 00:00:05;25682,75;1;ASK;25682,75;25682,75
2025-12-10 00:00:06;25682,5;1;ASK;25682,5;25682,5
2025-12-10 00:00:07;25684,0;11;ASK;25684,0;25684,0
2025-12-10 00:00:09;25684,0;2;ASK;25684,0;25684,0
2025-12-10 00:00:10;25684,75;2;ASK;25684,75;25684,75
2025-12-10 00:00:11;25685,5;1;ASK;25685,5;25685,5
2025-12-10 00:00:12;25685,5;7;ASK;25685,5;25685,5
2025-12-10 00:00:13;25686,5;8;ASK;25686,5;25686,5
2025-12-10 00:00:14;25685,0;7;ASK;25685,0;25685,0
2025-12-10 00:00:16;25687,25;3;ASK;25687,25;25687,25
2025-12-10 00:00:17;25687,25;1;ASK;25687,25;25687,25
2025-12-10 00:00:18;25688,5;9;ASK;25688,5;25688,5
2025-12-10 00:00:20;25686,0;1;ASK;25686,0;25686,0
2025-12-10 00:00:22;25687,5;29;ASK;25687,5;25687,5
2025-12-10 00:00:25;25688,75;6;ASK;25688,75;25688,75
2025-12-10 00:00:26;25687,75;1;ASK;25687,75;25687,75
2025-12-10 00:00:28;25688,0;2;ASK;25688,0;25688,0
2025-12-10 00:00:29;25685,75;4;ASK;25685,75;25685,75
2025-12-10 00:00:30;25685,75;8;ASK;25685,75;25685,75
2025-12-10 00:00:31;25686,75;1;ASK;25686,75;25686,75
2025-12-10 00:00:33;25686,0;1;ASK;25686,0;25686,0
2025-12-10 00:00:34;25686,75;4;ASK;25686,75;25686,75
2025-12-10 00:00:36;25686,5;2;ASK;25686,5;25686,5
2025-12-10 00:00:37;25687,25;3;ASK;25687,25;25687,25
2025-12-10 00:00:38;25686,0;1;ASK;25686,0;25686,0
2025-12-10 00:00:39;25686,0;2;ASK;25686,0;25686,0
2025-12-10 00:00:40;25686,0;1;ASK;25686,0;25686,0
2025-12-10 00:00:41;25687,25;1;ASK;25687,25;25687,25
2025-12-10 00:00:45;25686,25;3;ASK;25686,25;25686,25
2025-12-10 00:00:46;25684,75;5;ASK;25684,75;25684,75
2025-12-10 00:00:47;25683,75;7;ASK;25683,75;25683,75
2025-12-10 00:00:48;25681,75;6;ASK;25681,75;25681,75
2025-12-10 00:00:49;25683,0;2;ASK;25683,0;25683,0
2025-12-10 00:00:51;25684,5;3;ASK;25684,5;25684,5
2025-12-10 00:00:52;25683,5;4;ASK;25683,5;25683,5
2025-12-10 00:00:53;25685,75;6;ASK;25685,75;25685,75
2025-12-10 00:00:55;25684,75;1;ASK;25684,75;25684,75
2025-12-10 00:00:56;25684,5;1;ASK;25684,5;25684,5
2025-12-10 00:00:57;25684,25;1;ASK;25684,25;25684,25
2025-12-10 00:00:59;25684,5;1;ASK;25684,5;25684,5
2025-12-10 00:01:00;25684,0;4;ASK;25684,0;25684,0
2025-12-10 00:01:01;25682,5;3;ASK;25682,5;25682,5
2025-12-10 00:01:02;25681,25;3;ASK;25681,25;25681,25
2025-12-10 00:01:03;25682,25;1;ASK;25682,25;25682,25
2025-12-10 00:01:04;25681,25;1;ASK;25681,25;25681,25
2025-12-10 00:01:05;25681,75;3;ASK;25681,75;25681,75
2025-12-10 00:01:08;25681,0;3;ASK;25681,0;25681,0
2025-12-10 00:01:09;25684,0;2;ASK;25684,0;25684,0
2025-12-10 00:01:11;25681,0;17;ASK;25681,0;25681,0
2025-12-10 00:01:12;25679,25;16;ASK;25679,25;25679,25
2025-12-10 00:01:13;25680,25;6;ASK;25680,25;25680,25
2025-12-10 00:01:15;25679,75;1;ASK;25679,75;25679,75
2025-12-10 00:01:16;25679,0;3;ASK;25679,0;25679,0
2025-12-10 00:01:17;25678,75;3;ASK;25678,75;25678,75
2025-12-10 00:01:18;25679,75;4;ASK;25679,75;25679,75
2025-12-10 00:01:19;25680,25;3;ASK;25680,25;25680,25
2025-12-10 00:01:21;25681,0;7;ASK;25681,0;25681,0
2025-12-10 00:01:22;25680,75;1;ASK;25680,75;25680,75
2025-12-10 00:01:23;25682,0;3;ASK;25682,0;25682,0
2025-12-10 00:01:24;25682,75;3;ASK;25682,75;25682,75
2025-12-10 00:01:26;25683,0;4;ASK;25683,0;25683,0
2025-12-10 00:01:27;25682,5;1;ASK;25682,5;25682,5
2025-12-10 00:01:28;25683,5;1;ASK;25683,5;25683,5
2025-12-10 00:01:29;25684,0;2;ASK;25684,0;25684,0
2025-12-10 00:01:31;25684,5;2;ASK;25684,5;25684,5
2025-12-10 00:01:32;25685,0;1;ASK;25685,0;25685,0
2025-12-10 00:01:34;25685,5;1;ASK;25685,5;25685,5
2025-12-10 00:01:35;25684,5;4;ASK;25684,5;25684,5
2025-12-10 00:01:36;25683,25;1;ASK;25683,25;25683,25
2025-12-10 00:01:37;25681,75;3;ASK;25681,75;25681,75
2025-12-10 00:01:38;25680,0;1;ASK;25680,0;25680,0
2025-12-10 00:01:39;25681,0;2;ASK;25681,0;25681,0
2025-12-10 00:01:40;25681,0;5;ASK;25681,0;25681,0
2025-12-10 00:01:42;25680,75;1;ASK;25680,75;25680,75
2025-12-10 00:01:44;25681,0;4;ASK;25681,0;25681,0
2025-12-10 00:01:46;25678,5;45;ASK;25678,5;25678,5
2025-12-10 00:01:47;25678,75;2;ASK;25678,75;25678,75
2025-12-10 00:01:48;25678,25;1;ASK;25678,25;25678,25
2025-12-10 00:01:52;25679,75;3;ASK;25679,75;25679,75
2025-12-10 00:01:54;25679,5;4;ASK;25679,5;25679,5
2025-12-10 00:01:58;25680,75;38;ASK;25680,75;25680,75
2025-12-10 00:01:59;25681,75;2;ASK;25681,75;25681,75
2025-12-10 00:02:00;25682,5;1;ASK;25682,5;25682,5
2025-12-10 00:02:01;25682,25;5;ASK;25682,25;25682,25
2025-12-10 00:02:07;25681,5;1;ASK;25681,5;25681,5
2025-12-10 00:02:08;25681,5;14;ASK;25681,5;25681,5
2025-12-10 00:02:09;25680,75;5;ASK;25680,75;25680,75
2025-12-10 00:02:10;25681,25;4;ASK;25681,25;25681,25
2025-12-10 00:02:11;25679,75;2;ASK;25679,75;25679,75
2025-12-10 00:02:12;25680,5;1;ASK;25680,5;25680,5
2025-12-10 00:02:13;25680,5;6;ASK;25680,5;25680,5
2025-12-10 00:02:14;25679,75;3;ASK;25679,75;25679,75
2025-12-10 00:02:17;25679,25;4;ASK;25679,25;25679,25
2025-12-10 00:02:21;25679,75;2;ASK;25679,75;25679,75
2025-12-10 00:02:22;25680,0;1;ASK;25680,0;25680,0
2025-12-10 00:02:23;25679,5;2;ASK;25679,5;25679,5
2025-12-10 00:02:24;25679,0;1;ASK;25679,0;25679,0
2025-12-10 00:02:25;25680,0;3;ASK;25680,0;25680,0
2025-12-10 00:02:26;25679,5;4;ASK;25679,5;25679,5
2025-12-10 00:02:28;25680,25;1;ASK;25680,25;25680,25
2025-12-10 00:02:29;25680,5;2;ASK;25680,5;25680,5
2025-12-10 00:02:32;25679,25;1;ASK;25679,25;25679,25
2025-12-10 00:02:33;25680,25;1;ASK;25680,25;25680,25
2025-12-10 00:02:34;25677,75;17;ASK;25677,75;25677,75
2025-12-10 00:02:36;25678,5;1;ASK;25678,5;25678,5
2025-12-10 00:02:40;25680,25;12;ASK;25680,25;25680,25
2025-12-10 00:02:46;25679,0;10;ASK;25679,0;25679,0
2025-12-10 00:02:47;25679,0;2;ASK;25679,0;25679,0
2025-12-10 00:02:49;25680,25;1;ASK;25680,25;25680,25
2025-12-10 00:02:50;25679,0;3;ASK;25679,0;25679,0
2025-12-10 00:02:52;25680,5;8;ASK;25680,5;25680,5
2025-12-10 00:02:53;25682,5;4;ASK;25682,5;25682,5
2025-12-10 00:02:56;25684,0;7;ASK;25684,0;25684,0
2025-12-10 00:02:58;25683,0;2;ASK;25683,0;25683,0
2025-12-10 00:03:00;25682,5;1;ASK;25682,5;25682,5
2025-12-10 00:03:04;25682,25;3;ASK;25682,25;25682,25
2025-12-10 00:03:05;25683,5;4;ASK;25683,5;25683,5
2025-12-10 00:03:06;25683,0;10;ASK;25683,0;25683,0
2025-12-10 00:03:08;25684,5;6;ASK;25684,5;25684,5
2025-12-10 00:03:10;25684,25;2;ASK;25684,25;25684,25
2025-12-10 00:03:12;25684,25;5;ASK;25684,25;25684,25
2025-12-10 00:03:14;25683,75;1;ASK;25683,75;25683,75
2025-12-10 00:03:16;25684,25;1;ASK;25684,25;25684,25
2025-12-10 00:03:17;25684,0;1;ASK;25684,0;25684,0
2025-12-10 00:03:19;25683,0;4;ASK;25683,0;25683,0
2025-12-10 00:03:24;25683,75;2;ASK;25683,75;25683,75
2025-12-10 00:03:25;25683,0;8;ASK;25683,0;25683,0
2025-12-10 00:03:26;25682,75;4;ASK;25682,75;25682,75
2025-12-10 00:03:30;25682,25;8;ASK;25682,25;25682,25
2025-12-10 00:03:33;25684,0;1;ASK;25684,0;25684,0
2025-12-10 00:03:36;25684,0;1;ASK;25684,0;25684,0
2025-12-10 00:03:37;25683,25;1;ASK;25683,25;25683,25
2025-12-10 00:03:38;25682,0;5;ASK;25682,0;25682,0
2025-12-10 00:03:40;25681,5;3;ASK;25681,5;25681,5
2025-12-10 00:03:41;25682,5;1;ASK;25682,5;25682,5
2025-12-10 00:04:00;25683,5;3;ASK;25683,5;25683,5
2025-12-10 00:04:07;25683,5;3;ASK;25683,5;25683,5
2025-12-10 00:04:11;25682,5;1;ASK;25682,5;25682,5
2025-12-10 00:04:13;25683,0;3;ASK;25683,0;25683,0
2025-12-10 00:04:14;25681,75;2;ASK;25681,75;25681,75
2025-12-10 00:04:15;25681,75;3;ASK;25681,75;25681,75
2025-12-10 00:04:21;25683,75;5;ASK;25683,75;25683,75
2025-12-10 00:04:27;25684,75;1;ASK;25684,75;25684,75
2025-12-10 00:04:30;25685,25;1;ASK;25685,25;25685,25
2025-12-10 00:04:33;25684,0;3;ASK;25684,0;25684,0
2025-12-10 00:04:35;25684,25;3;ASK;25684,25;25684,25
2025-12-10 00:04:36;25683,25;3;ASK;25683,25;25683,25
2025-12-10 00:04:37;25683,75;5;ASK;25683,75;25683,75
2025-12-10 00:04:43;25682,5;1;ASK;25682,5;25682,5
2025-12-10 00:04:45;25682,25;2;ASK;25682,25;25682,25
2025-12-10 00:04:50;25683,5;2;ASK;25683,5;25683,5
2025-12-10 00:04:54;25683,0;5;ASK;25683,0;25683,0
2025-12-10 00:05:02;25683,5;6;ASK;25683,5;25683,5
2025-12-10 00:05:05;25683,75;2;ASK;25683,75;25683,75
2025-12-10 00:05:07;25682,0;3;ASK;25682,0;25682,0
2025-12-10 00:05:10;25683,0;1;ASK;25683,0;25683,0
2025-12-10 00:05:15;25683,5;2;ASK;25683,5;25683,5
2025-12-10 00:05:17;25683,5;4;ASK;25683,5;25683,5
2025-12-10 00:05:20;25684,25;2;ASK;25684,25;25684,25
2025-12-10 00:05:21;25683,0;6;ASK;25683,0;25683,0
2025-12-10 00:05:22;25684,0;1;ASK;25684,0;25684,0
2025-12-10 00:05:23;25683,25;6;ASK;25683,25;25683,25
2025-12-10 00:05:26;25684,0;1;ASK;25684,0;25684,0
2025-12-10 00:05:27;25684,75;1;ASK;25684,75;25684,75
2025-12-10 00:05:29;25683,5;2;ASK;25683,5;25683,5
2025-12-10 00:05:30;25683,25;1;ASK;25683,25;25683,25
2025-12-10 00:05:31;25683,0;1;ASK;25683,0;25683,0
2025-12-10 00:05:32;25683,5;4;ASK;25683,5;25683,5
2025-12-10 00:05:39;25684,25;2;ASK;25684,25;25684,25
2025-12-10 00:05:40;25683,75;2;ASK;25683,75;25683,75
2025-12-10 00:05:44;25682,0;14;ASK;25682,0;25682,0
2025-12-10 00:05:45;25683,5;5;ASK;25683,5;25683,5
2025-12-10 00:05:50;25682,75;1;ASK;25682,75;25682,75
2025-12-10 00:05:52;25682,25;1;ASK;25682,25;25682,25
2025-12-10 00:05:55;25683,25;3;ASK;25683,25;25683,25
2025-12-10 00:06:01;25682,5;2;ASK;25682,5;25682,5
2025-12-10 00:06:02;25684,25;15;ASK;25684,25;25684,25
2025-12-10 00:06:04;25684,25;6;ASK;25684,25;25684,25
2025-12-10 00:06:06;25682,75;7;ASK;25682,75;25682,75
2025-12-10 00:06:07;25683,75;1;ASK;25683,75;25683,75
2025-12-10 00:06:28;25683,25;5;ASK;25683,25;25683,25
2025-12-10 00:06:29;25682,5;1;ASK;25682,5;25682,5
2025-12-10 00:06:31;25682,5;1;ASK;25682,5;25682,5
2025-12-10 00:06:32;25683,25;1;ASK;25683,25;25683,25
2025-12-10 00:06:36;25683,0;5;ASK;25683,0;25683,0
2025-12-10 00:06:40;25683,0;1;ASK;25683,0;25683,0
2025-12-10 00:06:49;25684,0;2;ASK;25684,0;25684,0
2025-12-10 00:06:53;25684,0;1;ASK;25684,0;25684,0
2025-12-10 00:06:59;25682,25;8;ASK;25682,25;25682,25
2025-12-10 00:07:06;25682,25;3;ASK;25682,25;25682,25
2025-12-10 00:07:07;25682,0;1;ASK;25682,0;25682,0
2025-12-10 00:07:08;25681,5;1;ASK;25681,5;25681,5
2025-12-10 00:07:14;25681,0;3;ASK;25681,0;25681,0
2025-12-10 00:07:15;25681,25;4;ASK;25681,25;25681,25
2025-12-10 00:07:19;25681,0;2;ASK;25681,0;25681,0
2025-12-10 00:07:20;25680,0;2;ASK;25680,0;25680,0
2025-12-10 00:07:22;25680,25;1;ASK;25680,25;25680,25
2025-12-10 00:07:23;25680,5;3;ASK;25680,5;25680,5
2025-12-10 00:07:24;25680,5;2;ASK;25680,5;25680,5
2025-12-10 00:07:27;25680,0;1;ASK;25680,0;25680,0
2025-12-10 00:07:31;25680,0;1;ASK;25680,0;25680,0
2025-12-10 00:07:32;25681,0;2;ASK;25681,0;25681,0
2025-12-10 00:07:36;25680,75;6;ASK;25680,75;25680,75
2025-12-10 00:07:39;25681,25;3;ASK;25681,25;25681,25
2025-12-10 00:07:42;25680,25;6;ASK;25680,25;25680,25
2025-12-10 00:07:45;25681,0;1;ASK;25681,0;25681,0
2025-12-10 00:07:46;25681,25;1;ASK;25681,25;25681,25
2025-12-10 00:07:47;25680,0;8;ASK;25680,0;25680,0
2025-12-10 00:07:48;25681,5;6;ASK;25681,5;25681,5
2025-12-10 00:08:04;25681,75;1;ASK;25681,75;25681,75
2025-12-10 00:08:07;25682,0;2;ASK;25682,0;25682,0
2025-12-10 00:08:08;25681,75;1;ASK;25681,75;25681,75
2025-12-10 00:08:18;25682,0;5;ASK;25682,0;25682,0
2025-12-10 00:08:19;25681,0;3;ASK;25681,0;25681,0
2025-12-10 00:08:24;25681,25;9;ASK;25681,25;25681,25
2025-12-10 00:08:27;25679,5;28;ASK;25679,5;25679,5
2025-12-10 00:08:28;25680,25;5;ASK;25680,25;25680,25
2025-12-10 00:08:29;25680,25;3;ASK;25680,25;25680,25
2025-12-10 00:08:30;25680,25;5;ASK;25680,25;25680,25
2025-12-10 00:08:32;25678,0;17;ASK;25678,0;25678,0
2025-12-10 00:08:33;25678,5;15;ASK;25678,5;25678,5
2025-12-10 00:08:34;25679,75;3;ASK;25679,75;25679,75
2025-12-10 00:08:35;25680,0;2;ASK;25680,0;25680,0
2025-12-10 00:08:37;25679,25;3;ASK;25679,25;25679,25
2025-12-10 00:08:39;25679,25;1;ASK;25679,25;25679,25
2025-12-10 00:08:40;25679,5;3;ASK;25679,5;25679,5
2025-12-10 00:08:43;25679,5;1;ASK;25679,5;25679,5
2025-12-10 00:08:45;25679,0;1;ASK;25679,0;25679,0
2025-12-10 00:08:48;25679,5;5;ASK;25679,5;25679,5
2025-12-10 00:08:49;25678,75;1;ASK;25678,75;25678,75
2025-12-10 00:08:52;25679,25;3;ASK;25679,25;25679,25
2025-12-10 00:08:56;25679,5;18;ASK;25679,5;25679,5
2025-12-10 00:09:00;25678,75;3;ASK;25678,75;25678,75
2025-12-10 00:09:01;25678,75;1;ASK;25678,75;25678,75
2025-12-10 00:09:09;25677,75;3;ASK;25677,75;25677,75
2025-12-10 00:09:11;25679,75;28;ASK;25679,75;25679,75
2025-12-10 00:09:13;25678,75;1;ASK;25678,75;25678,75
2025-12-10 00:09:16;25680,0;1;ASK;25680,0;25680,0
2025-12-10 00:09:17;25680,0;1;ASK;25680,0;25680,0
2025-12-10 00:09:19;25680,0;1;ASK;25680,0;25680,0
2025-12-10 00:09:21;25679,5;2;ASK;25679,5;25679,5
2025-12-10 00:09:27;25678,75;3;ASK;25678,75;25678,75
2025-12-10 00:09:28;25679,0;2;ASK;25679,0;25679,0
2025-12-10 00:09:34;25678,75;1;ASK;25678,75;25678,75
2025-12-10 00:09:35;25679,25;2;ASK;25679,25;25679,25
2025-12-10 00:09:36;25679,75;1;ASK;25679,75;25679,75
2025-12-10 00:09:45;25678,75;2;ASK;25678,75;25678,75
2025-12-10 00:09:50;25678,75;2;ASK;25678,75;25678,75
2025-12-10 00:09:51;25680,25;5;ASK;25680,25;25680,25
2025-12-10 00:09:52;25679,75;3;ASK;25679,75;25679,75
2025-12-10 00:09:56;25679,0;2;ASK;25679,0;25679,0
2025-12-10 00:09:57;25679,0;2;ASK;25679,0;25679,0
2025-12-10 00:09:58;25678,75;9;ASK;25678,75;25678,75
2025-12-10 00:09:59;25679,75;10;ASK;25679,75;25679,75
2025-12-10 00:10:00;25679,5;1;ASK;25679,5;25679,5
2025-12-10 00:10:01;25679,75;1;ASK;25679,75;25679,75
2025-12-10 00:10:04;25679,75;3;ASK;25679,75;25679,75
2025-12-10 00:10:05;25680,5;1;ASK;25680,5;25680,5
2025-12-10 00:10:09;25679,5;2;ASK;25679,5;25679,5
2025-12-10 00:10:12;25680,0;5;ASK;25680,0;25680,0
2025-12-10 00:10:15;25680,0;3;ASK;25680,0;25680,0
2025-12-10 00:10:16;25680,25;1;ASK;25680,25;25680,25
2025-12-10 00:10:19;25681,0;1;ASK;25681,0;25681,0
2025-12-10 00:10:20;25680,5;2;ASK;25680,5;25680,5
2025-12-10 00:10:21;25680,5;2;ASK;25680,5;25680,5
2025-12-10 00:10:23;25681,0;5;ASK;25681,0;25681,0
2025-12-10 00:10:24;25679,25;7;ASK;25679,25;25679,25
2025-12-10 00:10:25;25680,0;1;ASK;25680,0;25680,0
2025-12-10 00:10:28;25680,5;2;ASK;25680,5;25680,5
2025-12-10 00:10:35;25680,25;1;ASK;25680,25;25680,25
2025-12-10 00:10:44;25679,5;2;ASK;25679,5;25679,5
2025-12-10 00:10:52;25678,75;2;ASK;25678,75;25678,75
2025-12-10 00:10:54;25678,75;1;ASK;25678,75;25678,75
2025-12-10 00:11:03;25678,75;1;ASK;25678,75;25678,75
2025-12-10 00:11:06;25678,5;2;ASK;25678,5;25678,5
2025-12-10 00:11:07;25678,75;2;ASK;25678,75;25678,75
2025-12-10 00:11:09;25678,5;2;ASK;25678,5;25678,5
2025-12-10 00:11:18;25678,5;3;ASK;25678,5;25678,5
2025-12-10 00:11:20;25678,75;2;ASK;25678,75;25678,75
2025-12-10 00:11:42;25678,75;2;ASK;25678,75;25678,75
2025-12-10 00:11:44;25677,75;8;ASK;25677,75;25677,75
2025-12-10 00:11:53;25677,5;1;ASK;25677,5;25677,5
2025-12-10 00:11:59;25678,0;1;ASK;25678,0;25678,0
2025-12-10 00:12:02;25677,0;3;ASK;25677,0;25677,0
2025-12-10 00:12:08;25677,25;6;ASK;25677,25;25677,25
2025-12-10 00:12:09;25677,25;3;ASK;25677,25;25677,25
2025-12-10 00:12:10;25676,5;5;ASK;25676,5;25676,5
2025-12-10 00:12:24;25677,25;1;ASK;25677,25;25677,25
2025-12-10 00:12:25;25676,75;1;ASK;25676,75;25676,75
2025-12-10 00:12:27;25676,75;2;ASK;25676,75;25676,75
2025-12-10 00:12:32;25676,0;4;ASK;25676,0;25676,0
2025-12-10 00:12:33;25676,0;3;ASK;25676,0;25676,0
2025-12-10 00:12:35;25676,25;2;ASK;25676,25;25676,25
2025-12-10 00:12:37;25675,75;1;ASK;25675,75;25675,75
2025-12-10 00:12:38;25677,0;34;ASK;25677,0;25677,0
2025-12-10 00:12:39;25677,0;4;ASK;25677,0;25677,0
2025-12-10 00:12:44;25677,25;1;ASK;25677,25;25677,25
2025-12-10 00:12:46;25677,5;6;ASK;25677,5;25677,5
2025-12-10 00:12:52;25678,25;8;ASK;25678,25;25678,25
2025-12-10 00:12:53;25678,25;2;ASK;25678,25;25678,25
2025-12-10 00:12:54;25677,75;1;ASK;25677,75;25677,75
2025-12-10 00:12:55;25679,5;4;ASK;25679,5;25679,5
2025-12-10 00:12:57;25679,75;1;ASK;25679,75;25679,75
2025-12-10 00:12:58;25679,0;1;ASK;25679,0;25679,0
2025-12-10 00:13:10;25677,75;1;ASK;25677,75;25677,75
2025-12-10 00:13:13;25677,0;1;ASK;25677,0;25677,0
2025-12-10 00:13:25;25678,25;4;ASK;25678,25;25678,25
2025-12-10 00:13:27;25679,0;1;ASK;25679,0;25679,0
2025-12-10 00:13:32;25677,5;1;ASK;25677,5;25677,5
2025-12-10 00:13:39;25678,75;1;ASK;25678,75;25678,75
2025-12-10 00:13:51;25678,25;1;ASK;25678,25;25678,25
2025-12-10 00:13:55;25678,0;1;ASK;25678,0;25678,0
2025-12-10 00:14:12;25676,5;2;ASK;25676,5;25676,5
2025-12-10 00:14:41;25677,5;1;ASK;25677,5;25677,5
2025-12-10 00:14:42;25677,0;5;ASK;25677,0;25677,0
2025-12-10 00:14:57;25676,75;1;ASK;25676,75;25676,75
2025-12-10 00:15:01;25678,0;3;ASK;25678,0;25678,0
2025-12-10 00:15:08;25678,5;3;ASK;25678,5;25678,5
2025-12-10 00:15:09;25678,25;13;ASK;25678,25;25678,25
2025-12-10 00:15:10;25678,25;1;ASK;25678,25;25678,25
2025-12-10 00:15:18;25677,5;4;ASK;25677,5;25677,5
2025-12-10 00:15:34;25676,25;2;ASK;25676,25;25676,25
2025-12-10 00:15:35;25676,0;15;ASK;25676,0;25676,0
2025-12-10 00:15:39;25675,0;2;ASK;25675,0;25675,0
2025-12-10 00:15:41;25674,25;7;ASK;25674,25;25674,25
2025-12-10 00:15:48;25674,0;6;ASK;25674,0;25674,0
2025-12-10 00:15:50;25675,0;2;ASK;25675,0;25675,0
2025-12-10 00:16:01;25675,5;3;ASK;25675,5;25675,5
2025-12-10 00:16:05;25675,25;2;ASK;25675,25;25675,25
2025-12-10 00:16:13;25675,25;5;ASK;25675,25;25675,25
2025-12-10 00:16:16;25676,0;25;ASK;25676,0;25676,0
2025-12-10 00:16:19;25675,5;1;ASK;25675,5;25675,5
2025-12-10 00:16:20;25675,5;2;ASK;25675,5;25675,5
2025-12-10 00:16:21;25676,0;1;ASK;25676,0;25676,0
2025-12-10 00:16:25;25674,75;1;ASK;25674,75;25674,75
2025-12-10 00:16:26;25674,5;2;ASK;25674,5;25674,5
2025-12-10 00:16:36;25673,5;3;ASK;25673,5;25673,5
2025-12-10 00:16:38;25673,0;2;ASK;25673,0;25673,0
2025-12-10 00:16:42;25673,0;2;ASK;25673,0;25673,0
2025-12-10 00:16:43;25672,25;9;ASK;25672,25;25672,25
2025-12-10 00:16:45;25671,75;24;ASK;25671,75;25671,75
2025-12-10 00:16:46;25671,25;1;ASK;25671,25;25671,25
2025-12-10 00:16:47;25670,75;5;ASK;25670,75;25670,75
2025-12-10 00:16:48;25671,25;11;ASK;25671,25;25671,25
2025-12-10 00:16:49;25671,5;5;ASK;25671,5;25671,5
2025-12-10 00:16:50;25671,5;6;ASK;25671,5;25671,5
2025-12-10 00:16:51;25671,25;4;ASK;25671,25;25671,25
2025-12-10 00:16:52;25673,25;14;ASK;25673,25;25673,25
2025-12-10 00:16:53;25673,5;1;ASK;25673,5;25673,5
2025-12-10 00:16:56;25674,0;2;ASK;25674,0;25674,0
2025-12-10 00:16:58;25674,0;1;ASK;25674,0;25674,0
2025-12-10 00:17:00;25675,0;4;ASK;25675,0;25675,0
2025-12-10 00:17:01;25674,0;9;ASK;25674,0;25674,0
2025-12-10 00:17:03;25674,25;2;ASK;25674,25;25674,25
2025-12-10 00:17:06;25674,5;2;ASK;25674,5;25674,5
2025-12-10 00:17:09;25674,5;1;ASK;25674,5;25674,5
2025-12-10 00:17:11;25674,0;4;ASK;25674,0;25674,0
2025-12-10 00:17:12;25675,0;1;ASK;25675,0;25675,0
2025-12-10 00:17:18;25674,5;1;ASK;25674,5;25674,5
2025-12-10 00:17:24;25673,75;3;ASK;25673,75;25673,75
2025-12-10 00:17:27;25674,5;2;ASK;25674,5;25674,5
2025-12-10 00:17:30;25675,0;3;ASK;25675,0;25675,0
2025-12-10 00:17:37;25675,0;1;ASK;25675,0;25675,0
2025-12-10 00:17:41;25675,5;1;ASK;25675,5;25675,5
2025-12-10 00:17:42;25675,75;1;ASK;25675,75;25675,75
2025-12-10 00:17:43;25675,25;2;ASK;25675,25;25675,25
2025-12-10 00:17:45;25674,75;1;ASK;25674,75;25674,75
2025-12-10 00:17:46;25675,75;1;ASK;25675,75;25675,75
2025-12-10 00:17:47;25676,25;1;ASK;25676,25;25676,25
2025-12-10 00:17:53;25675,75;1;ASK;25675,75;25675,75
2025-12-10 00:17:54;25675,75;4;ASK;25675,75;25675,75
2025-12-10 00:17:56;25675,75;2;ASK;25675,75;25675,75
2025-12-10 00:18:17;25676,0;3;ASK;25676,0;25676,0
2025-12-10 00:18:18;25676,25;3;ASK;25676,25;25676,25
2025-12-10 00:18:21;25676,5;5;ASK;25676,5;25676,5
2025-12-10 00:18:23;25675,75;1;ASK;25675,75;25675,75
2025-12-10 00:18:25;25676,25;2;ASK;25676,25;25676,25
2025-12-10 00:18:28;25677,0;4;ASK;25677,0;25677,0
2025-12-10 00:18:30;25677,5;2;ASK;25677,5;25677,5
2025-12-10 00:18:31;25675,75;15;ASK;25675,75;25675,75
2025-12-10 00:18:33;25674,0;6;ASK;25674,0;25674,0
2025-12-10 00:18:39;25674,5;1;ASK;25674,5;25674,5
2025-12-10 00:18:41;25673,5;4;ASK;25673,5;25673,5
2025-12-10 00:18:43;25674,0;1;ASK;25674,0;25674,0
2025-12-10 00:18:52;25674,0;1;ASK;25674,0;25674,0
2025-12-10 00:18:59;25672,75;6;ASK;25672,75;25672,75
2025-12-10 00:19:02;25673,5;2;ASK;25673,5;25673,5
2025-12-10 00:19:06;25673,0;2;ASK;25673,0;25673,0
2025-12-10 00:19:10;25672,5;1;ASK;25672,5;25672,5
2025-12-10 00:19:16;25672,0;1;ASK;25672,0;25672,0
2025-12-10 00:19:17;25672,0;1;ASK;25672,0;25672,0
2025-12-10 00:19:18;25672,0;1;ASK;25672,0;25672,0
2025-12-10 00:19:22;25672,5;3;ASK;25672,5;25672,5
2025-12-10 00:19:24;25671,5;1;ASK;25671,5;25671,5
2025-12-10 00:19:27;25672,0;2;ASK;25672,0;25672,0
2025-12-10 00:19:28;25672,75;4;ASK;25672,75;25672,75
2025-12-10 00:19:31;25673,25;4;ASK;25673,25;25673,25
2025-12-10 00:19:33;25673,75;1;ASK;25673,75;25673,75
2025-12-10 00:19:39;25674,5;1;ASK;25674,5;25674,5
2025-12-10 00:19:42;25674,25;3;ASK;25674,25;25674,25
2025-12-10 00:19:43;25675,0;1;ASK;25675,0;25675,0
2025-12-10 00:19:44;25674,5;2;ASK;25674,5;25674,5
2025-12-10 00:19:59;25674,5;5;ASK;25674,5;25674,5
2025-12-10 00:20:05;25673,5;7;ASK;25673,5;25673,5
2025-12-10 00:20:08;25675,0;5;ASK;25675,0;25675,0
2025-12-10 00:20:13;25674,0;4;ASK;25674,0;25674,0
2025-12-10 00:20:22;25673,5;1;ASK;25673,5;25673,5
2025-12-10 00:20:26;25675,75;9;ASK;25675,75;25675,75
2025-12-10 00:20:27;25675,75;4;ASK;25675,75;25675,75
2025-12-10 00:20:29;25675,5;5;ASK;25675,5;25675,5
2025-12-10 00:20:34;25675,0;1;ASK;25675,0;25675,0
2025-12-10 00:20:43;25675,0;2;ASK;25675,0;25675,0
2025-12-10 00:20:46;25674,75;1;ASK;25674,75;25674,75
2025-12-10 00:20:52;25674,75;1;ASK;25674,75;25674,75
2025-12-10 00:20:57;25673,0;7;ASK;25673,0;25673,0
2025-12-10 00:20:59;25673,5;1;ASK;25673,5;25673,5
2025-12-10 00:21:01;25672,5;4;ASK;25672,5;25672,5
2025-12-10 00:21:13;25672,5;2;ASK;25672,5;25672,5
2025-12-10 00:21:14;25673,25;4;ASK;25673,25;25673,25
2025-12-10 00:21:16;25673,5;2;ASK;25673,5;25673,5
2025-12-10 00:21:19;25674,5;2;ASK;25674,5;25674,5
2025-12-10 00:21:22;25674,5;1;ASK;25674,5;25674,5
2025-12-10 00:21:23;25674,75;1;ASK;25674,75;25674,75
2025-12-10 00:21:28;25674,0;5;ASK;25674,0;25674,0
2025-12-10 00:21:30;25673,75;3;ASK;25673,75;25673,75
2025-12-10 00:21:40;25674,25;1;ASK;25674,25;25674,25
2025-12-10 00:21:44;25674,0;1;ASK;25674,0;25674,0
2025-12-10 00:21:52;25673,5;1;ASK;25673,5;25673,5
2025-12-10 00:21:54;25674,0;1;ASK;25674,0;25674,0
2025-12-10 00:21:57;25673,0;1;ASK;25673,0;25673,0
2025-12-10 00:21:58;25672,75;1;ASK;25672,75;25672,75
2025-12-10 00:21:59;25672,5;3;ASK;25672,5;25672,5
2025-12-10 00:22:00;25672,5;1;ASK;25672,5;25672,5
2025-12-10 00:22:04;25672,0;1;ASK;25672,0;25672,0
2025-12-10 00:22:05;25671,75;2;ASK;25671,75;25671,75
2025-12-10 00:22:06;25670,75;9;ASK;25670,75;25670,75
2025-12-10 00:22:08;25671,25;1;ASK;25671,25;25671,25
2025-12-10 00:22:13;25672,0;4;ASK;25672,0;25672,0
2025-12-10 00:22:14;25672,5;4;ASK;25672,5;25672,5
2025-12-10 00:22:18;25672,75;1;ASK;25672,75;25672,75
2025-12-10 00:22:34;25672,25;2;ASK;25672,25;25672,25
2025-12-10 00:22:35;25671,5;2;ASK;25671,5;25671,5
2025-12-10 00:22:38;25671,5;4;ASK;25671,5;25671,5
2025-12-10 00:22:42;25671,25;1;ASK;25671,25;25671,25
2025-12-10 00:22:44;25671,5;1;ASK;25671,5;25671,5
2025-12-10 00:22:49;25672,75;2;ASK;25672,75;25672,75
2025-12-10 00:22:53;25673,0;3;ASK;25673,0;25673,0
2025-12-10 00:22:56;25672,25;1;ASK;25672,25;25672,25
2025-12-10 00:22:57;25672,5;3;ASK;25672,5;25672,5
2025-12-10 00:22:59;25673,25;1;ASK;25673,25;25673,25
2025-12-10 00:23:02;25673,5;2;ASK;25673,5;25673,5
2025-12-10 00:23:04;25672,5;3;ASK;25672,5;25672,5
2025-12-10 00:23:05;25673,0;1;ASK;25673,0;25673,0
2025-12-10 00:23:11;25672,75;2;ASK;25672,75;25672,75
2025-12-10 00:23:13;25673,0;2;ASK;25673,0;25673,0
2025-12-10 00:23:14;25673,0;1;ASK;25673,0;25673,0
2025-12-10 00:23:16;25673,0;1;ASK;25673,0;25673,0
2025-12-10 00:23:17;25672,75;4;ASK;25672,75;25672,75
2025-12-10 00:23:34;25672,25;1;ASK;25672,25;25672,25
2025-12-10 00:23:36;25672,0;1;ASK;25672,0;25672,0
2025-12-10 00:23:37;25671,5;5;ASK;25671,5;25671,5
2025-12-10 00:23:40;25672,0;1;ASK;25672,0;25672,0
2025-12-10 00:23:49;25672,75;1;ASK;25672,75;25672,75
2025-12-10 00:24:04;25672,25;1;ASK;25672,25;25672,25
2025-12-10 00:24:05;25674,25;10;ASK;25674,25;25674,25
2025-12-10 00:24:23;25673,0;1;ASK;25673,0;25673,0
2025-12-10 00:24:27;25673,25;1;ASK;25673,25;25673,25
2025-12-10 00:24:31;25674,25;27;ASK;25674,25;25674,25
2025-12-10 00:24:33;25674,75;1;ASK;25674,75;25674,75
2025-12-10 00:24:34;25674,25;7;ASK;25674,25;25674,25
2025-12-10 00:24:35;25674,0;1;ASK;25674,0;25674,0
2025-12-10 00:24:37;25674,25;2;ASK;25674,25;25674,25
2025-12-10 00:24:38;25674,5;1;ASK;25674,5;25674,5
2025-12-10 00:24:44;25674,25;1;ASK;25674,25;25674,25
2025-12-10 00:24:51;25673,0;1;ASK;25673,0;25673,0
2025-12-10 00:24:56;25673,25;2;ASK;25673,25;25673,25
2025-12-10 00:25:00;25673,5;1;ASK;25673,5;25673,5
2025-12-10 00:25:01;25674,25;3;ASK;25674,25;25674,25
2025-12-10 00:25:04;25673,5;1;ASK;25673,5;25673,5
2025-12-10 00:25:05;25672,75;1;ASK;25672,75;25672,75
2025-12-10 00:25:06;25673,5;2;ASK;25673,5;25673,5
2025-12-10 00:25:07;25673,5;1;ASK;25673,5;25673,5
2025-12-10 00:25:18;25674,0;1;ASK;25674,0;25674,0
2025-12-10 00:25:21;25673,75;3;ASK;25673,75;25673,75
2025-12-10 00:25:23;25674,0;1;ASK;25674,0;25674,0
2025-12-10 00:25:25;25674,75;7;ASK;25674,75;25674,75
2025-12-10 00:25:26;25675,5;2;ASK;25675,5;25675,5
2025-12-10 00:25:30;25674,5;1;ASK;25674,5;25674,5
2025-12-10 00:25:31;25674,25;1;ASK;25674,25;25674,25
2025-12-10 00:25:34;25675,25;2;ASK;25675,25;25675,25
2025-12-10 00:25:36;25675,0;1;ASK;25675,0;25675,0
2025-12-10 00:25:37;25674,5;1;ASK;25674,5;25674,5
2025-12-10 00:25:41;25673,75;1;ASK;25673,75;25673,75
2025-12-10 00:25:43;25675,0;1;ASK;25675,0;25675,0
2025-12-10 00:25:46;25675,0;3;ASK;25675,0;25675,0
2025-12-10 00:25:53;25675,0;1;ASK;25675,0;25675,0
2025-12-10 00:25:58;25675,5;6;ASK;25675,5;25675,5
2025-12-10 00:25:59;25676,0;2;ASK;25676,0;25676,0
2025-12-10 00:26:00;25675,75;4;ASK;25675,75;25675,75
2025-12-10 00:26:02;25675,75;1;ASK;25675,75;25675,75
2025-12-10 00:26:05;25676,0;1;ASK;25676,0;25676,0
2025-12-10 00:26:06;25675,25;12;ASK;25675,25;25675,25
2025-12-10 00:26:15;25674,5;2;ASK;25674,5;25674,5
2025-12-10 00:26:19;25675,25;1;ASK;25675,25;25675,25
2025-12-10 00:26:27;25675,5;3;ASK;25675,5;25675,5
2025-12-10 00:26:30;25676,25;10;ASK;25676,25;25676,25
2025-12-10 00:26:31;25675,75;6;ASK;25675,75;25675,75
2025-12-10 00:26:32;25676,0;2;ASK;25676,0;25676,0
2025-12-10 00:26:37;25676,75;5;ASK;25676,75;25676,75
2025-12-10 00:26:41;25676,0;5;ASK;25676,0;25676,0
2025-12-10 00:26:43;25676,0;3;ASK;25676,0;25676,0
2025-12-10 00:26:45;25675,25;2;ASK;25675,25;25675,25
2025-12-10 00:26:47;25676,0;3;ASK;25676,0;25676,0
2025-12-10 00:26:49;25676,25;2;ASK;25676,25;25676,25
2025-12-10 00:26:50;25675,5;1;ASK;25675,5;25675,5
2025-12-10 00:26:51;25676,0;3;ASK;25676,0;25676,0
2025-12-10 00:26:56;25676,5;3;ASK;25676,5;25676,5
2025-12-10 00:27:00;25676,0;4;ASK;25676,0;25676,0
2025-12-10 00:27:14;25676,25;2;ASK;25676,25;25676,25
2025-12-10 00:27:19;25675,75;1;ASK;25675,75;25675,75
2025-12-10 00:27:20;25675,25;1;ASK;25675,25;25675,25
2025-12-10 00:27:25;25675,75;1;ASK;25675,75;25675,75
2025-12-10 00:27:27;25676,25;2;ASK;25676,25;25676,25
2025-12-10 00:27:39;25675,5;1;ASK;25675,5;25675,5
2025-12-10 00:27:46;25676,0;1;ASK;25676,0;25676,0
2025-12-10 00:27:51;25676,75;3;ASK;25676,75;25676,75
2025-12-10 00:27:52;25676,75;1;ASK;25676,75;25676,75
2025-12-10 00:27:53;25677,25;1;ASK;25677,25;25677,25
2025-12-10 00:27:54;25677,0;1;ASK;25677,0;25677,0
2025-12-10 00:27:57;25676,25;2;ASK;25676,25;25676,25
2025-12-10 00:28:01;25678,0;13;ASK;25678,0;25678,0
2025-12-10 00:28:02;25677,0;3;ASK;25677,0;25677,0
2025-12-10 00:28:05;25675,75;1;ASK;25675,75;25675,75
2025-12-10 00:28:06;25676,25;2;ASK;25676,25;25676,25
2025-12-10 00:28:07;25675,75;1;ASK;25675,75;25675,75
2025-12-10 00:28:08;25676,0;1;ASK;25676,0;25676,0
2025-12-10 00:28:10;25676,25;1;ASK;25676,25;25676,25
2025-12-10 00:28:14;25676,25;2;ASK;25676,25;25676,25
2025-12-10 00:28:17;25676,5;2;ASK;25676,5;25676,5
2025-12-10 00:28:19;25677,0;2;ASK;25677,0;25677,0
2025-12-10 00:28:22;25677,0;3;ASK;25677,0;25677,0
2025-12-10 00:28:24;25676,5;1;ASK;25676,5;25676,5
2025-12-10 00:28:27;25677,0;2;ASK;25677,0;25677,0
2025-12-10 00:28:30;25677,0;1;ASK;25677,0;25677,0
2025-12-10 00:28:34;25677,0;3;ASK;25677,0;25677,0
2025-12-10 00:28:38;25676,75;2;ASK;25676,75;25676,75
2025-12-10 00:28:44;25676,75;2;ASK;25676,75;25676,75
2025-12-10 00:28:46;25677,25;3;ASK;25677,25;25677,25
2025-12-10 00:28:47;25677,5;1;ASK;25677,5;25677,5
2025-12-10 00:28:50;25677,0;1;ASK;25677,0;25677,0
2025-12-10 00:28:54;25676,75;1;ASK;25676,75;25676,75
2025-12-10 00:28:57;25676,75;1;ASK;25676,75;25676,75
2025-12-10 00:28:59;25676,75;7;ASK;25676,75;25676,75
2025-12-10 00:29:00;25675,75;5;ASK;25675,75;25675,75
2025-12-10 00:29:02;25677,25;7;ASK;25677,25;25677,25
2025-12-10 00:29:03;25676,5;2;ASK;25676,5;25676,5
2025-12-10 00:29:04;25676,5;2;ASK;25676,5;25676,5
2025-12-10 00:29:12;25676,0;1;ASK;25676,0;25676,0
2025-12-10 00:29:13;25676,75;1;ASK;25676,75;25676,75
2025-12-10 00:29:14;25676,75;2;ASK;25676,75;25676,75
2025-12-10 00:29:17;25677,0;1;ASK;25677,0;25677,0
2025-12-10 00:29:21;25676,25;1;ASK;25676,25;25676,25
2025-12-10 00:29:24;25677,0;2;ASK;25677,0;25677,0
2025-12-10 00:29:28;25677,5;3;ASK;25677,5;25677,5
2025-12-10 00:29:35;25677,5;2;ASK;25677,5;25677,5
2025-12-10 00:29:43;25678,0;14;ASK;25678,0;25678,0
2025-12-10 00:29:48;25677,75;1;ASK;25677,75;25677,75
2025-12-10 00:29:53;25677,0;1;ASK;25677,0;25677,0
2025-12-10 00:29:58;25677,75;2;ASK;25677,75;25677,75
2025-12-10 00:30:01;25676,0;2;ASK;25676,0;25676,0
2025-12-10 00:30:02;25676,0;4;ASK;25676,0;25676,0
2025-12-10 00:30:05;25675,75;1;ASK;25675,75;25675,75
2025-12-10 00:30:07;25676,25;4;ASK;25676,25;25676,25
2025-12-10 00:30:09;25675,5;4;ASK;25675,5;25675,5
2025-12-10 00:30:14;25676,0;3;ASK;25676,0;25676,0
2025-12-10 00:30:19;25675,25;2;ASK;25675,25;25675,25
2025-12-10 00:30:22;25675,75;1;ASK;25675,75;25675,75
2025-12-10 00:30:28;25674,5;4;ASK;25674,5;25674,5
2025-12-10 00:30:30;25674,0;7;ASK;25674,0;25674,0
2025-12-10 00:30:32;25675,0;1;ASK;25675,0;25675,0
2025-12-10 00:30:44;25675,5;3;ASK;25675,5;25675,5
2025-12-10 00:30:49;25676,0;4;ASK;25676,0;25676,0
2025-12-10 00:30:52;25676,0;1;ASK;25676,0;25676,0
2025-12-10 00:30:59;25676,25;4;ASK;25676,25;25676,25
2025-12-10 00:31:06;25676,25;3;ASK;25676,25;25676,25
2025-12-10 00:31:11;25676,5;1;ASK;25676,5;25676,5
2025-12-10 00:31:16;25675,0;2;ASK;25675,0;25675,0
2025-12-10 00:31:17;25675,25;1;ASK;25675,25;25675,25
2025-12-10 00:31:21;25675,75;3;ASK;25675,75;25675,75
2025-12-10 00:31:41;25675,75;2;ASK;25675,75;25675,75
2025-12-10 00:31:45;25675,0;2;ASK;25675,0;25675,0
2025-12-10 00:31:53;25675,5;2;ASK;25675,5;25675,5
2025-12-10 00:31:54;25676,25;1;ASK;25676,25;25676,25
2025-12-10 00:32:10;25675,0;3;ASK;25675,0;25675,0
2025-12-10 00:32:16;25675,0;1;ASK;25675,0;25675,0
2025-12-10 00:32:21;25675,0;1;ASK;25675,0;25675,0
2025-12-10 00:32:23;25675,0;1;ASK;25675,0;25675,0
2025-12-10 00:32:26;25675,0;1;ASK;25675,0;25675,0
2025-12-10 00:32:27;25674,75;1;ASK;25674,75;25674,75
2025-12-10 00:32:28;25674,75;1;ASK;25674,75;25674,75
2025-12-10 00:32:35;25675,5;1;ASK;25675,5;25675,5
2025-12-10 00:32:38;25675,0;1;ASK;25675,0;25675,0
2025-12-10 00:32:54;25675,0;3;ASK;25675,0;25675,0
2025-12-10 00:33:05;25675,25;1;ASK;25675,25;25675,25
2025-12-10 00:33:06;25675,5;1;ASK;25675,5;25675,5
2025-12-10 00:33:07;25675,75;2;ASK;25675,75;25675,75
2025-12-10 00:33:08;25676,0;2;ASK;25676,0;25676,0
2025-12-10 00:33:09;25675,75;1;ASK;25675,75;25675,75
2025-12-10 00:33:10;25675,5;1;ASK;25675,5;25675,5
2025-12-10 00:33:14;25675,0;1;ASK;25675,0;25675,0
2025-12-10 00:33:24;25674,5;1;ASK;25674,5;25674,5
2025-12-10 00:33:31;25675,75;2;ASK;25675,75;25675,75
2025-12-10 00:33:33;25675,5;1;ASK;25675,5;25675,5
2025-12-10 00:33:42;25675,5;1;ASK;25675,5;25675,5
2025-12-10 00:33:49;25675,0;2;ASK;25675,0;25675,0
2025-12-10 00:33:53;25674,75;1;ASK;25674,75;25674,75
2025-12-10 00:33:59;25675,5;1;ASK;25675,5;25675,5
2025-12-10 00:34:06;25674,5;2;ASK;25674,5;25674,5
2025-12-10 00:34:13;25674,25;1;ASK;25674,25;25674,25
2025-12-10 00:34:22;25674,75;1;ASK;25674,75;25674,75
2025-12-10 00:34:31;25674,25;3;ASK;25674,25;25674,25
2025-12-10 00:34:38;25674,5;1;ASK;25674,5;25674,5
2025-12-10 00:34:53;25674,75;1;ASK;25674,75;25674,75
2025-12-10 00:35:03;25675,25;1;ASK;25675,25;25675,25
2025-12-10 00:35:04;25674,5;1;ASK;25674,5;25674,5
2025-12-10 00:35:06;25674,75;1;ASK;25674,75;25674,75
2025-12-10 00:35:20;25674,25;1;ASK;25674,25;25674,25
2025-12-10 00:35:22;25673,5;22;ASK;25673,5;25673,5
2025-12-10 00:35:29;25673,5;2;ASK;25673,5;25673,5
2025-12-10 00:35:34;25672,75;1;ASK;25672,75;25672,75
2025-12-10 00:35:36;25673,5;1;ASK;25673,5;25673,5
2025-12-10 00:35:40;25672,0;6;ASK;25672,0;25672,0
2025-12-10 00:35:44;25673,5;2;ASK;25673,5;25673,5
2025-12-10 00:35:52;25673,25;8;ASK;25673,25;25673,25
2025-12-10 00:35:58;25672,5;9;ASK;25672,5;25672,5
2025-12-10 00:36:03;25674,25;4;ASK;25674,25;25674,25
2025-12-10 00:36:08;25673,75;2;ASK;25673,75;25673,75
2025-12-10 00:36:11;25673,5;5;ASK;25673,5;25673,5
2025-12-10 00:36:18;25673,5;2;ASK;25673,5;25673,5
2025-12-10 00:36:22;25674,25;2;ASK;25674,25;25674,25
2025-12-10 00:36:23;25675,0;4;ASK;25675,0;25675,0
2025-12-10 00:36:25;25675,0;10;ASK;25675,0;25675,0
2025-12-10 00:36:39;25676,0;5;ASK;25676,0;25676,0
2025-12-10 00:36:40;25677,0;4;ASK;25677,0;25677,0
2025-12-10 00:36:47;25676,75;1;ASK;25676,75;25676,75
2025-12-10 00:37:02;25677,25;2;ASK;25677,25;25677,25
2025-12-10 00:37:15;25676,0;6;ASK;25676,0;25676,0
2025-12-10 00:37:16;25676,0;4;ASK;25676,0;25676,0
2025-12-10 00:37:17;25676,5;1;ASK;25676,5;25676,5
2025-12-10 00:37:23;25675,5;1;ASK;25675,5;25675,5
2025-12-10 00:37:47;25676,75;1;ASK;25676,75;25676,75
2025-12-10 00:37:49;25677,25;3;ASK;25677,25;25677,25
2025-12-10 00:37:50;25676,25;2;ASK;25676,25;25676,25
2025-12-10 00:37:54;25676,5;2;ASK;25676,5;25676,5
2025-12-10 00:37:55;25677,5;4;ASK;25677,5;25677,5
2025-12-10 00:37:56;25677,25;4;ASK;25677,25;25677,25
2025-12-10 00:38:01;25677,75;1;ASK;25677,75;25677,75
2025-12-10 00:38:02;25677,25;6;ASK;25677,25;25677,25
2025-12-10 00:38:06;25677,0;3;ASK;25677,0;25677,0
2025-12-10 00:38:08;25676,75;1;ASK;25676,75;25676,75
2025-12-10 00:38:18;25676,25;4;ASK;25676,25;25676,25
2025-12-10 00:38:20;25677,0;4;ASK;25677,0;25677,0
2025-12-10 00:38:25;25676,25;3;ASK;25676,25;25676,25
2025-12-10 00:39:02;25676,25;1;ASK;25676,25;25676,25
2025-12-10 00:39:12;25676,25;4;ASK;25676,25;25676,25
2025-12-10 00:39:26;25677,25;5;ASK;25677,25;25677,25
2025-12-10 00:39:27;25677,25;1;ASK;25677,25;25677,25
2025-12-10 00:39:41;25676,75;1;ASK;25676,75;25676,75
2025-12-10 00:40:03;25678,0;4;ASK;25678,0;25678,0
2025-12-10 00:40:08;25678,0;1;ASK;25678,0;25678,0
2025-12-10 00:40:17;25678,0;1;ASK;25678,0;25678,0
2025-12-10 00:40:20;25677,75;5;ASK;25677,75;25677,75
2025-12-10 00:40:21;25677,0;1;ASK;25677,0;25677,0
2025-12-10 00:40:36;25677,75;2;ASK;25677,75;25677,75
2025-12-10 00:40:37;25678,25;5;ASK;25678,25;25678,25
2025-12-10 00:40:38;25678,75;2;ASK;25678,75;25678,75
2025-12-10 00:40:45;25678,5;1;ASK;25678,5;25678,5
2025-12-10 00:40:49;25678,5;1;ASK;25678,5;25678,5
2025-12-10 00:40:51;25678,75;1;ASK;25678,75;25678,75
2025-12-10 00:40:58;25678,75;1;ASK;25678,75;25678,75
2025-12-10 00:41:03;25679,25;7;ASK;25679,25;25679,25
2025-12-10 00:41:04;25679,5;5;ASK;25679,5;25679,5
2025-12-10 00:41:06;25679,0;1;ASK;25679,0;25679,0
2025-12-10 00:41:09;25678,25;4;ASK;25678,25;25678,25
2025-12-10 00:41:16;25678,75;4;ASK;25678,75;25678,75
2025-12-10 00:41:17;25679,25;1;ASK;25679,25;25679,25
2025-12-10 00:41:19;25679,75;5;ASK;25679,75;25679,75
2025-12-10 00:41:21;25678,25;1;ASK;25678,25;25678,25
2025-12-10 00:41:23;25679,25;1;ASK;25679,25;25679,25
2025-12-10 00:41:24;25679,0;1;ASK;25679,0;25679,0
2025-12-10 00:41:26;25679,0;1;ASK;25679,0;25679,0
2025-12-10 00:41:30;25678,0;2;ASK;25678,0;25678,0
2025-12-10 00:41:31;25678,5;7;ASK;25678,5;25678,5
2025-12-10 00:41:32;25678,25;1;ASK;25678,25;25678,25
2025-12-10 00:41:35;25679,0;1;ASK;25679,0;25679,0
2025-12-10 00:41:39;25680,0;7;ASK;25680,0;25680,0
2025-12-10 00:41:45;25680,0;2;ASK;25680,0;25680,0
2025-12-10 00:41:46;25680,25;5;ASK;25680,25;25680,25
2025-12-10 00:41:47;25679,5;6;ASK;25679,5;25679,5
2025-12-10 00:41:49;25679,5;1;ASK;25679,5;25679,5
2025-12-10 00:41:51;25679,5;1;ASK;25679,5;25679,5
2025-12-10 00:41:53;25679,5;2;ASK;25679,5;25679,5
2025-12-10 00:41:56;25679,5;1;ASK;25679,5;25679,5
2025-12-10 00:41:58;25678,75;1;ASK;25678,75;25678,75
2025-12-10 00:41:59;25678,75;5;ASK;25678,75;25678,75
2025-12-10 00:42:00;25678,75;1;ASK;25678,75;25678,75
2025-12-10 00:42:01;25679,0;1;ASK;25679,0;25679,0
2025-12-10 00:42:06;25680,0;7;ASK;25680,0;25680,0
2025-12-10 00:42:07;25679,75;1;ASK;25679,75;25679,75
2025-12-10 00:42:08;25679,5;1;ASK;25679,5;25679,5
2025-12-10 00:42:11;25678,75;2;ASK;25678,75;25678,75
2025-12-10 00:42:17;25679,5;1;ASK;25679,5;25679,5
2025-12-10 00:42:36;25678,25;1;ASK;25678,25;25678,25
2025-12-10 00:42:37;25677,5;4;ASK;25677,5;25677,5
2025-12-10 00:42:40;25677,5;8;ASK;25677,5;25677,5
2025-12-10 00:42:41;25677,25;2;ASK;25677,25;25677,25
2025-12-10 00:42:43;25677,75;1;ASK;25677,75;25677,75
2025-12-10 00:42:48;25677,0;5;ASK;25677,0;25677,0
2025-12-10 00:42:50;25676,0;1;ASK;25676,0;25676,0
2025-12-10 00:42:54;25676,0;1;ASK;25676,0;25676,0
2025-12-10 00:42:56;25676,5;3;ASK;25676,5;25676,5
2025-12-10 00:43:01;25676,75;1;ASK;25676,75;25676,75
2025-12-10 00:43:02;25676,75;1;ASK;25676,75;25676,75
2025-12-10 00:43:04;25676,25;2;ASK;25676,25;25676,25
2025-12-10 00:43:11;25676,5;1;ASK;25676,5;25676,5
2025-12-10 00:43:16;25676,0;1;ASK;25676,0;25676,0
2025-12-10 00:43:21;25675,5;5;ASK;25675,5;25675,5
2025-12-10 00:43:23;25675,25;8;ASK;25675,25;25675,25
2025-12-10 00:43:30;25676,75;4;ASK;25676,75;25676,75
2025-12-10 00:43:33;25676,5;2;ASK;25676,5;25676,5
2025-12-10 00:43:46;25677,0;2;ASK;25677,0;25677,0
2025-12-10 00:43:50;25676,75;1;ASK;25676,75;25676,75
2025-12-10 00:43:56;25676,25;5;ASK;25676,25;25676,25
2025-12-10 00:44:01;25676,75;1;ASK;25676,75;25676,75
2025-12-10 00:44:05;25677,25;3;ASK;25677,25;25677,25
2025-12-10 00:44:07;25676,5;1;ASK;25676,5;25676,5
2025-12-10 00:44:20;25675,75;3;ASK;25675,75;25675,75
2025-12-10 00:44:23;25676,0;1;ASK;25676,0;25676,0
2025-12-10 00:44:24;25676,25;1;ASK;25676,25;25676,25
2025-12-10 00:44:25;25675,25;1;ASK;25675,25;25675,25
2025-12-10 00:44:27;25675,75;1;ASK;25675,75;25675,75
2025-12-10 00:44:31;25676,0;1;ASK;25676,0;25676,0
2025-12-10 00:44:36;25676,25;3;ASK;25676,25;25676,25
2025-12-10 00:44:50;25678,5;5;ASK;25678,5;25678,5
2025-12-10 00:44:52;25678,5;2;ASK;25678,5;25678,5
2025-12-10 00:44:53;25679,0;1;ASK;25679,0;25679,0
2025-12-10 00:44:59;25679,0;1;ASK;25679,0;25679,0
2025-12-10 00:45:01;25678,5;7;ASK;25678,5;25678,5
2025-12-10 00:45:02;25678,75;1;ASK;25678,75;25678,75
2025-12-10 00:45:05;25678,75;1;ASK;25678,75;25678,75
2025-12-10 00:45:08;25680,0;7;ASK;25680,0;25680,0
2025-12-10 00:45:09;25680,25;3;ASK;25680,25;25680,25
2025-12-10 00:45:13;25679,5;4;ASK;25679,5;25679,5
2025-12-10 00:45:20;25677,5;4;ASK;25677,5;25677,5
2025-12-10 00:45:21;25677,5;6;ASK;25677,5;25677,5
2025-12-10 00:45:22;25677,5;1;ASK;25677,5;25677,5
2025-12-10 00:45:31;25678,0;3;ASK;25678,0;25678,0
2025-12-10 00:45:36;25677,75;2;ASK;25677,75;25677,75
2025-12-10 00:45:39;25677,5;1;ASK;25677,5;25677,5
2025-12-10 00:45:55;25678,0;5;ASK;25678,0;25678,0
2025-12-10 00:45:56;25678,25;1;ASK;25678,25;25678,25
2025-12-10 00:46:00;25677,75;5;ASK;25677,75;25677,75
2025-12-10 00:46:03;25677,25;1;ASK;25677,25;25677,25
2025-12-10 00:46:06;25677,25;1;ASK;25677,25;25677,25
2025-12-10 00:46:10;25678,0;1;ASK;25678,0;25678,0
2025-12-10 00:46:16;25677,25;5;ASK;25677,25;25677,25
2025-12-10 00:46:20;25677,75;2;ASK;25677,75;25677,75
2025-12-10 00:46:24;25677,75;1;ASK;25677,75;25677,75
2025-12-10 00:46:26;25677,5;1;ASK;25677,5;25677,5
2025-12-10 00:46:28;25677,25;1;ASK;25677,25;25677,25
2025-12-10 00:46:30;25676,25;2;ASK;25676,25;25676,25
2025-12-10 00:46:46;25677,0;1;ASK;25677,0;25677,0
2025-12-10 00:46:51;25676,75;1;ASK;25676,75;25676,75
2025-12-10 00:46:53;25677,0;3;ASK;25677,0;25677,0
2025-12-10 00:46:56;25677,75;4;ASK;25677,75;25677,75
2025-12-10 00:46:57;25677,25;1;ASK;25677,25;25677,25
2025-12-10 00:47:11;25677,5;5;ASK;25677,5;25677,5
2025-12-10 00:47:15;25677,75;1;ASK;25677,75;25677,75
2025-12-10 00:47:21;25677,75;1;ASK;25677,75;25677,75
2025-12-10 00:47:24;25678,5;4;ASK;25678,5;25678,5
2025-12-10 00:47:28;25678,75;1;ASK;25678,75;25678,75
2025-12-10 00:47:35;25677,5;1;ASK;25677,5;25677,5
2025-12-10 00:47:40;25678,5;1;ASK;25678,5;25678,5
2025-12-10 00:47:42;25677,5;5;ASK;25677,5;25677,5
2025-12-10 00:47:47;25678,0;1;ASK;25678,0;25678,0
2025-12-10 00:47:55;25678,5;2;ASK;25678,5;25678,5
2025-12-10 00:48:01;25677,5;3;ASK;25677,5;25677,5
2025-12-10 00:48:04;25678,25;1;ASK;25678,25;25678,25
2025-12-10 00:48:05;25677,25;4;ASK;25677,25;25677,25
2025-12-10 00:48:06;25677,75;1;ASK;25677,75;25677,75
2025-12-10 00:48:08;25678,5;1;ASK;25678,5;25678,5
2025-12-10 00:48:09;25678,0;1;ASK;25678,0;25678,0
2025-12-10 00:48:10;25678,0;3;ASK;25678,0;25678,0
2025-12-10 00:48:13;25679,25;6;ASK;25679,25;25679,25
2025-12-10 00:48:25;25678,5;2;ASK;25678,5;25678,5
2025-12-10 00:48:28;25678,25;1;ASK;25678,25;25678,25
2025-12-10 00:48:32;25678,0;1;ASK;25678,0;25678,0
2025-12-10 00:48:41;25678,5;1;ASK;25678,5;25678,5
2025-12-10 00:48:43;25678,25;7;ASK;25678,25;25678,25
2025-12-10 00:48:48;25677,75;3;ASK;25677,75;25677,75
2025-12-10 00:48:54;25677,5;6;ASK;25677,5;25677,5
2025-12-10 00:49:01;25677,5;1;ASK;25677,5;25677,5
2025-12-10 00:49:06;25678,0;1;ASK;25678,0;25678,0
2025-12-10 00:49:10;25677,5;2;ASK;25677,5;25677,5
2025-12-10 00:49:12;25678,0;1;ASK;25678,0;25678,0
2025-12-10 00:49:16;25677,5;1;ASK;25677,5;25677,5
2025-12-10 00:49:19;25676,75;5;ASK;25676,75;25676,75
2025-12-10 00:49:22;25677,75;1;ASK;25677,75;25677,75
2025-12-10 00:49:32;25678,75;1;ASK;25678,75;25678,75
2025-12-10 00:49:41;25679,75;1;ASK;25679,75;25679,75
2025-12-10 00:49:43;25680,0;1;ASK;25680,0;25680,0
2025-12-10 00:49:47;25679,75;3;ASK;25679,75;25679,75
2025-12-10 00:49:49;25678,0;10;ASK;25678,0;25678,0
2025-12-10 00:49:50;25679,75;1;ASK;25679,75;25679,75
2025-12-10 00:49:56;25679,75;1;ASK;25679,75;25679,75
2025-12-10 00:50:00;25680,0;1;ASK;25680,0;25680,0
2025-12-10 00:50:16;25679,0;1;ASK;25679,0;25679,0
2025-12-10 00:50:20;25679,75;25;ASK;25679,75;25679,75
2025-12-10 00:50:24;25680,0;3;ASK;25680,0;25680,0
2025-12-10 00:50:25;25679,0;2;ASK;25679,0;25679,0
2025-12-10 00:50:31;25678,25;2;ASK;25678,25;25678,25
2025-12-10 00:50:38;25677,25;4;ASK;25677,25;25677,25
2025-12-10 00:50:42;25677,25;1;ASK;25677,25;25677,25
2025-12-10 00:50:44;25677,25;1;ASK;25677,25;25677,25
2025-12-10 00:50:46;25676,5;4;ASK;25676,5;25676,5
2025-12-10 00:50:52;25676,0;2;ASK;25676,0;25676,0
2025-12-10 00:50:56;25676,75;2;ASK;25676,75;25676,75
2025-12-10 00:51:00;25677,25;2;ASK;25677,25;25677,25
2025-12-10 00:51:16;25677,25;1;ASK;25677,25;25677,25
2025-12-10 00:51:25;25676,75;1;ASK;25676,75;25676,75
2025-12-10 00:51:26;25676,25;1;ASK;25676,25;25676,25
2025-12-10 00:51:28;25675,75;4;ASK;25675,75;25675,75
2025-12-10 00:51:30;25675,5;1;ASK;25675,5;25675,5
2025-12-10 00:51:32;25675,25;1;ASK;25675,25;25675,25
2025-12-10 00:51:35;25675,5;2;ASK;25675,5;25675,5
2025-12-10 00:51:40;25674,75;3;ASK;25674,75;25674,75
2025-12-10 00:51:45;25674,75;1;ASK;25674,75;25674,75
2025-12-10 00:51:52;25675,25;2;ASK;25675,25;25675,25
2025-12-10 00:51:53;25674,5;1;ASK;25674,5;25674,5
2025-12-10 00:51:55;25674,25;1;ASK;25674,25;25674,25
2025-12-10 00:51:59;25674,0;1;ASK;25674,0;25674,0
2025-12-10 00:52:05;25675,0;3;ASK;25675,0;25675,0
2025-12-10 00:52:06;25674,5;2;ASK;25674,5;25674,5
2025-12-10 00:52:13;25674,5;1;ASK;25674,5;25674,5
2025-12-10 00:52:14;25674,25;1;ASK;25674,25;25674,25
2025-12-10 00:52:15;25674,5;1;ASK;25674,5;25674,5
2025-12-10 00:52:33;25674,5;1;ASK;25674,5;25674,5
2025-12-10 00:52:37;25673,0;2;ASK;25673,0;25673,0
2025-12-10 00:52:41;25673,0;1;ASK;25673,0;25673,0
2025-12-10 00:52:44;25673,5;3;ASK;25673,5;25673,5
2025-12-10 00:52:45;25672,0;9;ASK;25672,0;25672,0
2025-12-10 00:52:51;25673,0;2;ASK;25673,0;25673,0
2025-12-10 00:52:56;25673,25;1;ASK;25673,25;25673,25
2025-12-10 00:52:58;25674,0;4;ASK;25674,0;25674,0
2025-12-10 00:53:01;25672,75;2;ASK;25672,75;25672,75
2025-12-10 00:53:05;25672,75;1;ASK;25672,75;25672,75
2025-12-10 00:53:07;25672,75;12;ASK;25672,75;25672,75
2025-12-10 00:53:08;25672,75;2;ASK;25672,75;25672,75
2025-12-10 00:53:11;25672,75;6;ASK;25672,75;25672,75
2025-12-10 00:53:12;25673,25;1;ASK;25673,25;25673,25
2025-12-10 00:53:13;25672,25;2;ASK;25672,25;25672,25
2025-12-10 00:53:15;25672,5;7;ASK;25672,5;25672,5
2025-12-10 00:53:17;25671,75;1;ASK;25671,75;25671,75
2025-12-10 00:53:29;25669,75;45;ASK;25669,75;25669,75
2025-12-10 00:53:30;25670,5;6;ASK;25670,5;25670,5
2025-12-10 00:53:31;25670,0;1;ASK;25670,0;25670,0
2025-12-10 00:53:34;25669,5;2;ASK;25669,5;25669,5
2025-12-10 00:53:36;25669,5;1;ASK;25669,5;25669,5
2025-12-10 00:53:38;25669,5;2;ASK;25669,5;25669,5
2025-12-10 00:53:41;25669,5;1;ASK;25669,5;25669,5
2025-12-10 00:53:44;25669,5;3;ASK;25669,5;25669,5
2025-12-10 00:53:46;25670,0;1;ASK;25670,0;25670,0
2025-12-10 00:53:51;25670,5;3;ASK;25670,5;25670,5
2025-12-10 00:53:55;25670,5;1;ASK;25670,5;25670,5
2025-12-10 00:54:01;25670,5;1;ASK;25670,5;25670,5
2025-12-10 00:54:03;25671,25;3;ASK;25671,25;25671,25
2025-12-10 00:54:05;25670,5;1;ASK;25670,5;25670,5
2025-12-10 00:54:07;25670,75;1;ASK;25670,75;25670,75
2025-12-10 00:54:08;25671,0;1;ASK;25671,0;25671,0
2025-12-10 00:54:16;25671,75;2;ASK;25671,75;25671,75
2025-12-10 00:54:22;25672,0;2;ASK;25672,0;25672,0
2025-12-10 00:54:26;25671,75;1;ASK;25671,75;25671,75
2025-12-10 00:54:27;25672,25;1;ASK;25672,25;25672,25
2025-12-10 00:54:29;25672,25;1;ASK;25672,25;25672,25
2025-12-10 00:54:33;25671,5;1;ASK;25671,5;25671,5
2025-12-10 00:54:37;25672,75;1;ASK;25672,75;25672,75
2025-12-10 00:54:43;25672,75;1;ASK;25672,75;25672,75
2025-12-10 00:54:48;25674,0;9;ASK;25674,0;25674,0
2025-12-10 00:54:49;25672,75;4;ASK;25672,75;25672,75
2025-12-10 00:54:55;25673,75;1;ASK;25673,75;25673,75
2025-12-10 00:54:57;25673,5;1;ASK;25673,5;25673,5
2025-12-10 00:55:00;25673,25;1;ASK;25673,25;25673,25
2025-12-10 00:55:02;25673,5;1;ASK;25673,5;25673,5
2025-12-10 00:55:04;25673,75;1;ASK;25673,75;25673,75
2025-12-10 00:55:11;25673,5;1;ASK;25673,5;25673,5
2025-12-10 00:55:14;25671,75;12;ASK;25671,75;25671,75
2025-12-10 00:55:15;25672,25;5;ASK;25672,25;25672,25
2025-12-10 00:55:21;25672,5;1;ASK;25672,5;25672,5
2025-12-10 00:55:23;25672,25;2;ASK;25672,25;25672,25
2025-12-10 00:55:25;25671,75;1;ASK;25671,75;25671,75
2025-12-10 00:55:30;25672,75;5;ASK;25672,75;25672,75
2025-12-10 00:55:44;25671,25;1;ASK;25671,25;25671,25
2025-12-10 00:55:45;25671,25;1;ASK;25671,25;25671,25
2025-12-10 00:55:46;25672,0;1;ASK;25672,0;25672,0
2025-12-10 00:56:04;25671,0;1;ASK;25671,0;25671,0
2025-12-10 00:56:08;25671,0;2;ASK;25671,0;25671,0
2025-12-10 00:56:13;25672,25;3;ASK;25672,25;25672,25
2025-12-10 00:56:15;25671,0;1;ASK;25671,0;25671,0
2025-12-10 00:56:17;25670,25;5;ASK;25670,25;25670,25
2025-12-10 00:56:20;25671,0;2;ASK;25671,0;25671,0
2025-12-10 00:56:24;25672,0;3;ASK;25672,0;25672,0
2025-12-10 00:56:31;25671,25;2;ASK;25671,25;25671,25
2025-12-10 00:56:48;25671,75;7;ASK;25671,75;25671,75
2025-12-10 00:56:49;25673,0;2;ASK;25673,0;25673,0
2025-12-10 00:57:05;25672,25;2;ASK;25672,25;25672,25
2025-12-10 00:57:27;25672,0;2;ASK;25672,0;25672,0
2025-12-10 00:57:32;25671,5;1;ASK;25671,5;25671,5
2025-12-10 00:57:34;25672,0;1;ASK;25672,0;25672,0
2025-12-10 00:57:36;25671,75;1;ASK;25671,75;25671,75
2025-12-10 00:57:50;25672,25;4;ASK;25672,25;25672,25
2025-12-10 00:58:01;25671,0;1;ASK;25671,0;25671,0
2025-12-10 00:58:20;25671,75;2;ASK;25671,75;25671,75
2025-12-10 00:58:21;25672,25;2;ASK;25672,25;25672,25
2025-12-10 00:58:28;25672,5;1;ASK;25672,5;25672,5
2025-12-10 00:58:38;25672,75;1;ASK;25672,75;25672,75
2025-12-10 00:59:03;25673,0;1;ASK;25673,0;25673,0
2025-12-10 00:59:12;25673,0;1;ASK;25673,0;25673,0
2025-12-10 00:59:14;25673,25;1;ASK;25673,25;25673,25
2025-12-10 00:59:18;25672,5;1;ASK;25672,5;25672,5
2025-12-10 00:59:21;25673,5;2;ASK;25673,5;25673,5
2025-12-10 00:59:24;25672,5;1;ASK;25672,5;25672,5
2025-12-10 00:59:28;25673,25;1;ASK;25673,25;25673,25
2025-12-10 00:59:45;25673,25;5;ASK;25673,25;25673,25
2025-12-10 00:59:50;25672,75;1;ASK;25672,75;25672,75
2025-12-10 00:59:52;25672,5;2;ASK;25672,5;25672,5
2025-12-10 00:59:57;25671,5;1;ASK;25671,5;25671,5
2025-12-10 01:00:01;25671,0;4;ASK;25671,0;25671,0
2025-12-10 01:00:02;25670,5;2;ASK;25670,5;25670,5
2025-12-10 01:00:03;25670,0;3;ASK;25670,0;25670,0
2025-12-10 01:00:04;25670,0;3;ASK;25670,0;25670,0
2025-12-10 01:00:05;25670,25;6;ASK;25670,25;25670,25
2025-12-10 01:00:06;25670,5;2;ASK;25670,5;25670,5
2025-12-10 01:00:08;25671,5;1;ASK;25671,5;25671,5
2025-12-10 01:00:09;25671,5;1;ASK;25671,5;25671,5
2025-12-10 01:00:14;25671,5;2;ASK;25671,5;25671,5
2025-12-10 01:00:18;25672,25;1;ASK;25672,25;25672,25
2025-12-10 01:00:21;25672,0;2;ASK;25672,0;25672,0
2025-12-10 01:00:26;25672,25;1;ASK;25672,25;25672,25
2025-12-10 01:00:28;25671,75;5;ASK;25671,75;25671,75
2025-12-10 01:00:29;25671,0;1;ASK;25671,0;25671,0
2025-12-10 01:00:30;25671,25;1;ASK;25671,25;25671,25
2025-12-10 01:00:32;25671,0;3;ASK;25671,0;25671,0
2025-12-10 01:00:34;25671,5;3;ASK;25671,5;25671,5
2025-12-10 01:00:35;25671,75;1;ASK;25671,75;25671,75
2025-12-10 01:00:38;25671,75;1;ASK;25671,75;25671,75
2025-12-10 01:00:39;25671,0;1;ASK;25671,0;25671,0
2025-12-10 01:00:40;25671,25;1;ASK;25671,25;25671,25
2025-12-10 01:00:42;25670,5;1;ASK;25670,5;25670,5
2025-12-10 01:00:44;25670,0;1;ASK;25670,0;25670,0
2025-12-10 01:00:46;25670,0;1;ASK;25670,0;25670,0
2025-12-10 01:00:47;25670,75;3;ASK;25670,75;25670,75
2025-12-10 01:00:48;25670,75;1;ASK;25670,75;25670,75
2025-12-10 01:00:49;25670,0;1;ASK;25670,0;25670,0
2025-12-10 01:00:52;25669,75;5;ASK;25669,75;25669,75
2025-12-10 01:00:53;25670,5;1;ASK;25670,5;25670,5
2025-12-10 01:00:55;25669,25;30;ASK;25669,25;25669,25
2025-12-10 01:00:56;25669,75;2;ASK;25669,75;25669,75
2025-12-10 01:00:58;25669,5;1;ASK;25669,5;25669,5
2025-12-10 01:00:59;25668,5;1;ASK;25668,5;25668,5
2025-12-10 01:01:00;25669,0;3;ASK;25669,0;25669,0
2025-12-10 01:01:01;25669,5;2;ASK;25669,5;25669,5
2025-12-10 01:01:02;25669,75;1;ASK;25669,75;25669,75
2025-12-10 01:01:03;25670,25;1;ASK;25670,25;25670,25
2025-12-10 01:01:10;25669,25;6;ASK;25669,25;25669,25
2025-12-10 01:01:11;25670,0;2;ASK;25670,0;25670,0
2025-12-10 01:01:15;25669,5;4;ASK;25669,5;25669,5
2025-12-10 01:01:17;25669,25;2;ASK;25669,25;25669,25
2025-12-10 01:01:19;25670,25;2;ASK;25670,25;25670,25
2025-12-10 01:01:23;25670,0;1;ASK;25670,0;25670,0
2025-12-10 01:01:29;25670,25;1;ASK;25670,25;25670,25
2025-12-10 01:01:35;25671,0;1;ASK;25671,0;25671,0
2025-12-10 01:01:37;25671,75;1;ASK;25671,75;25671,75
2025-12-10 01:01:38;25671,5;1;ASK;25671,5;25671,5
2025-12-10 01:01:41;25671,75;2;ASK;25671,75;25671,75
2025-12-10 01:01:43;25672,0;4;ASK;25672,0;25672,0
2025-12-10 01:01:44;25672,0;1;ASK;25672,0;25672,0
2025-12-10 01:01:46;25670,5;14;ASK;25670,5;25670,5
2025-12-10 01:01:50;25670,75;1;ASK;25670,75;25670,75
2025-12-10 01:01:56;25671,25;1;ASK;25671,25;25671,25
2025-12-10 01:01:59;25671,5;1;ASK;25671,5;25671,5
2025-12-10 01:02:02;25672,25;3;ASK;25672,25;25672,25
2025-12-10 01:02:06;25672,5;1;ASK;25672,5;25672,5
2025-12-10 01:02:07;25672,5;1;ASK;25672,5;25672,5
2025-12-10 01:02:10;25673,0;5;ASK;25673,0;25673,0
2025-12-10 01:02:12;25672,75;1;ASK;25672,75;25672,75
2025-12-10 01:02:17;25671,75;2;ASK;25671,75;25671,75
2025-12-10 01:02:21;25673,5;3;ASK;25673,5;25673,5
2025-12-10 01:02:23;25673,75;4;ASK;25673,75;25673,75
2025-12-10 01:02:26;25673,0;1;ASK;25673,0;25673,0
2025-12-10 01:02:28;25673,5;1;ASK;25673,5;25673,5
2025-12-10 01:02:34;25674,0;8;ASK;25674,0;25674,0
2025-12-10 01:02:36;25674,75;6;ASK;25674,75;25674,75
2025-12-10 01:02:40;25674,25;1;ASK;25674,25;25674,25
2025-12-10 01:02:42;25673,25;2;ASK;25673,25;25673,25
2025-12-10 01:02:43;25673,75;1;ASK;25673,75;25673,75
2025-12-10 01:02:47;25674,0;3;ASK;25674,0;25674,0
2025-12-10 01:02:48;25673,0;1;ASK;25673,0;25673,0
2025-12-10 01:02:53;25673,25;2;ASK;25673,25;25673,25
2025-12-10 01:02:58;25672,75;2;ASK;25672,75;25672,75
2025-12-10 01:03:00;25672,0;1;ASK;25672,0;25672,0
2025-12-10 01:03:01;25673,0;1;ASK;25673,0;25673,0
2025-12-10 01:03:02;25673,0;3;ASK;25673,0;25673,0
2025-12-10 01:03:03;25673,5;1;ASK;25673,5;25673,5
2025-12-10 01:03:04;25673,0;5;ASK;25673,0;25673,0
2025-12-10 01:03:06;25673,75;2;ASK;25673,75;25673,75
2025-12-10 01:03:08;25674,25;2;ASK;25674,25;25674,25
2025-12-10 01:03:12;25674,0;1;ASK;25674,0;25674,0
2025-12-10 01:03:22;25673,25;1;ASK;25673,25;25673,25
2025-12-10 01:03:23;25674,25;1;ASK;25674,25;25674,25
2025-12-10 01:03:24;25673,0;1;ASK;25673,0;25673,0
2025-12-10 01:03:25;25673,0;1;ASK;25673,0;25673,0
2025-12-10 01:03:26;25673,75;1;ASK;25673,75;25673,75
2025-12-10 01:03:30;25673,5;1;ASK;25673,5;25673,5
2025-12-10 01:03:31;25673,5;2;ASK;25673,5;25673,5
2025-12-10 01:03:34;25673,25;1;ASK;25673,25;25673,25
2025-12-10 01:03:35;25674,75;9;ASK;25674,75;25674,75
2025-12-10 01:03:36;25673,75;1;ASK;25673,75;25673,75
2025-12-10 01:03:39;25673,0;1;ASK;25673,0;25673,0
2025-12-10 01:03:41;25673,0;1;ASK;25673,0;25673,0
2025-12-10 01:03:44;25672,0;1;ASK;25672,0;25672,0
2025-12-10 01:03:45;25673,0;3;ASK;25673,0;25673,0
2025-12-10 01:04:00;25673,0;3;ASK;25673,0;25673,0
2025-12-10 01:04:03;25673,75;2;ASK;25673,75;25673,75
2025-12-10 01:04:04;25673,75;1;ASK;25673,75;25673,75
2025-12-10 01:04:15;25673,0;3;ASK;25673,0;25673,0
2025-12-10 01:04:19;25672,5;1;ASK;25672,5;25672,5
2025-12-10 01:04:22;25672,75;2;ASK;25672,75;25672,75
2025-12-10 01:04:25;25673,75;1;ASK;25673,75;25673,75
2025-12-10 01:04:32;25673,5;1;ASK;25673,5;25673,5
2025-12-10 01:04:37;25674,25;1;ASK;25674,25;25674,25
2025-12-10 01:04:39;25674,0;1;ASK;25674,0;25674,0
2025-12-10 01:04:41;25673,25;1;ASK;25673,25;25673,25
2025-12-10 01:04:59;25674,75;2;ASK;25674,75;25674,75
2025-12-10 01:05:01;25674,75;3;ASK;25674,75;25674,75
2025-12-10 01:05:02;25674,25;1;ASK;25674,25;25674,25
2025-12-10 01:05:03;25674,0;1;ASK;25674,0;25674,0
2025-12-10 01:05:04;25674,75;6;ASK;25674,75;25674,75
2025-12-10 01:05:11;25674,0;3;ASK;25674,0;25674,0
2025-12-10 01:05:22;25675,0;2;ASK;25675,0;25675,0
2025-12-10 01:05:23;25674,0;2;ASK;25674,0;25674,0
2025-12-10 01:05:27;25673,75;2;ASK;25673,75;25673,75
2025-12-10 01:05:31;25675,0;1;ASK;25675,0;25675,0
2025-12-10 01:05:33;25675,0;4;ASK;25675,0;25675,0
2025-12-10 01:05:37;25675,75;8;ASK;25675,75;25675,75
2025-12-10 01:05:39;25675,0;1;ASK;25675,0;25675,0
2025-12-10 01:05:40;25674,0;1;ASK;25674,0;25674,0
2025-12-10 01:05:42;25674,25;1;ASK;25674,25;25674,25
2025-12-10 01:05:44;25674,25;3;ASK;25674,25;25674,25
2025-12-10 01:05:46;25674,25;1;ASK;25674,25;25674,25
2025-12-10 01:05:51;25674,25;1;ASK;25674,25;25674,25
2025-12-10 01:05:52;25674,75;1;ASK;25674,75;25674,75
2025-12-10 01:06:01;25675,25;2;ASK;25675,25;25675,25
2025-12-10 01:06:03;25676,0;2;ASK;25676,0;25676,0
2025-12-10 01:06:05;25676,0;1;ASK;25676,0;25676,0
2025-12-10 01:06:06;25675,5;1;ASK;25675,5;25675,5
2025-12-10 01:06:07;25677,0;11;ASK;25677,0;25677,0
2025-12-10 01:06:10;25677,5;11;ASK;25677,5;25677,5
2025-12-10 01:06:12;25677,25;1;ASK;25677,25;25677,25
2025-12-10 01:06:13;25678,0;1;ASK;25678,0;25678,0
2025-12-10 01:06:14;25678,0;2;ASK;25678,0;25678,0
2025-12-10 01:06:15;25678,25;2;ASK;25678,25;25678,25
2025-12-10 01:06:17;25678,25;1;ASK;25678,25;25678,25
2025-12-10 01:06:19;25678,0;1;ASK;25678,0;25678,0
2025-12-10 01:06:21;25677,75;1;ASK;25677,75;25677,75
2025-12-10 01:06:28;25677,5;2;ASK;25677,5;25677,5
2025-12-10 01:06:30;25679,0;2;ASK;25679,0;25679,0
2025-12-10 01:06:31;25679,75;2;ASK;25679,75;25679,75
2025-12-10 01:06:32;25679,75;2;ASK;25679,75;25679,75
2025-12-10 01:06:33;25680,0;1;ASK;25680,0;25680,0
2025-12-10 01:06:34;25681,0;7;ASK;25681,0;25681,0
2025-12-10 01:06:35;25680,0;1;ASK;25680,0;25680,0
2025-12-10 01:06:37;25680,75;4;ASK;25680,75;25680,75
2025-12-10 01:06:38;25681,0;3;ASK;25681,0;25681,0
2025-12-10 01:06:39;25679,5;1;ASK;25679,5;25679,5
2025-12-10 01:06:40;25680,5;6;ASK;25680,5;25680,5
2025-12-10 01:06:44;25680,5;1;ASK;25680,5;25680,5
2025-12-10 01:06:45;25680,5;1;ASK;25680,5;25680,5
2025-12-10 01:06:50;25681,0;7;ASK;25681,0;25681,0
2025-12-10 01:06:53;25681,25;3;ASK;25681,25;25681,25
2025-12-10 01:06:54;25680,25;2;ASK;25680,25;25680,25
2025-12-10 01:06:56;25680,75;3;ASK;25680,75;25680,75
2025-12-10 01:06:58;25681,75;5;ASK;25681,75;25681,75
2025-12-10 01:06:59;25681,5;18;ASK;25681,5;25681,5
2025-12-10 01:07:00;25680,75;2;ASK;25680,75;25680,75
2025-12-10 01:07:02;25681,0;3;ASK;25681,0;25681,0
2025-12-10 01:07:06;25680,75;1;ASK;25680,75;25680,75
2025-12-10 01:07:14;25682,25;7;ASK;25682,25;25682,25
2025-12-10 01:07:18;25683,0;2;ASK;25683,0;25683,0
2025-12-10 01:07:19;25682,25;2;ASK;25682,25;25682,25
2025-12-10 01:07:20;25682,0;5;ASK;25682,0;25682,0
2025-12-10 01:07:21;25682,5;1;ASK;25682,5;25682,5
2025-12-10 01:07:22;25682,5;1;ASK;25682,5;25682,5
2025-12-10 01:07:24;25682,5;7;ASK;25682,5;25682,5
2025-12-10 01:07:26;25681,75;1;ASK;25681,75;25681,75
2025-12-10 01:07:28;25683,0;1;ASK;25683,0;25683,0
2025-12-10 01:07:29;25683,5;6;ASK;25683,5;25683,5
2025-12-10 01:07:30;25683,75;6;ASK;25683,75;25683,75
2025-12-10 01:07:31;25685,0;26;ASK;25685,0;25685,0
2025-12-10 01:07:32;25686,5;18;ASK;25686,5;25686,5
2025-12-10 01:07:33;25687,75;19;ASK;25687,75;25687,75
2025-12-10 01:07:34;25686,75;5;ASK;25686,75;25686,75
2025-12-10 01:07:35;25686,5;1;ASK;25686,5;25686,5
2025-12-10 01:07:36;25687,5;5;ASK;25687,5;25687,5
2025-12-10 01:07:37;25686,75;1;ASK;25686,75;25686,75
2025-12-10 01:07:38;25686,25;3;ASK;25686,25;25686,25
2025-12-10 01:07:40;25686,0;1;ASK;25686,0;25686,0
2025-12-10 01:07:41;25686,25;1;ASK;25686,25;25686,25
2025-12-10 01:07:42;25686,75;2;ASK;25686,75;25686,75
2025-12-10 01:07:44;25687,75;8;ASK;25687,75;25687,75
2025-12-10 01:07:46;25687,25;3;ASK;25687,25;25687,25
2025-12-10 01:07:47;25687,25;1;ASK;25687,25;25687,25
2025-12-10 01:07:48;25687,75;3;ASK;25687,75;25687,75
2025-12-10 01:07:50;25688,0;4;ASK;25688,0;25688,0
2025-12-10 01:07:51;25688,0;5;ASK;25688,0;25688,0
2025-12-10 01:07:53;25687,0;2;ASK;25687,0;25687,0
2025-12-10 01:07:54;25687,25;1;ASK;25687,25;25687,25
2025-12-10 01:07:56;25687,0;1;ASK;25687,0;25687,0
2025-12-10 01:07:57;25686,5;4;ASK;25686,5;25686,5
2025-12-10 01:07:59;25687,25;1;ASK;25687,25;25687,25
2025-12-10 01:08:00;25685,75;7;ASK;25685,75;25685,75
2025-12-10 01:08:01;25686,5;4;ASK;25686,5;25686,5
2025-12-10 01:08:07;25685,25;1;ASK;25685,25;25685,25
2025-12-10 01:08:09;25684,5;1;ASK;25684,5;25684,5
2025-12-10 01:08:10;25684,25;2;ASK;25684,25;25684,25
2025-12-10 01:08:11;25685,0;1;ASK;25685,0;25685,0
2025-12-10 01:08:13;25686,0;8;ASK;25686,0;25686,0
2025-12-10 01:08:14;25687,0;2;ASK;25687,0;25687,0
2025-12-10 01:08:16;25686,0;12;ASK;25686,0;25686,0
2025-12-10 01:08:19;25684,75;1;ASK;25684,75;25684,75
2025-12-10 01:08:20;25685,5;2;ASK;25685,5;25685,5
2025-12-10 01:08:22;25686,0;2;ASK;25686,0;25686,0
2025-12-10 01:08:29;25685,25;16;ASK;25685,25;25685,25
2025-12-10 01:08:34;25686,0;1;ASK;25686,0;25686,0
2025-12-10 01:08:41;25687,0;2;ASK;25687,0;25687,0
2025-12-10 01:08:42;25687,5;4;ASK;25687,5;25687,5
2025-12-10 01:08:43;25688,0;1;ASK;25688,0;25688,0
2025-12-10 01:08:44;25688,25;2;ASK;25688,25;25688,25
2025-12-10 01:08:45;25687,25;2;ASK;25687,25;25687,25
2025-12-10 01:08:46;25687,75;6;ASK;25687,75;25687,75
2025-12-10 01:08:47;25686,75;4;ASK;25686,75;25686,75
2025-12-10 01:08:49;25686,25;1;ASK;25686,25;25686,25
2025-12-10 01:08:52;25687,0;1;ASK;25687,0;25687,0
2025-12-10 01:08:54;25686,75;2;ASK;25686,75;25686,75
2025-12-10 01:08:58;25685,75;5;ASK;25685,75;25685,75
2025-12-10 01:09:02;25686,5;2;ASK;25686,5;25686,5
2025-12-10 01:09:16;25686,5;11;ASK;25686,5;25686,5
2025-12-10 01:09:17;25686,0;2;ASK;25686,0;25686,0
2025-12-10 01:09:21;25686,5;5;ASK;25686,5;25686,5
2025-12-10 01:09:25;25687,25;3;ASK;25687,25;25687,25
2025-12-10 01:09:27;25687,75;4;ASK;25687,75;25687,75
2025-12-10 01:09:29;25687,25;6;ASK;25687,25;25687,25
2025-12-10 01:09:41;25685,75;2;ASK;25685,75;25685,75
2025-12-10 01:09:42;25686,75;1;ASK;25686,75;25686,75
2025-12-10 01:09:44;25686,75;1;ASK;25686,75;25686,75
2025-12-10 01:09:46;25686,5;3;ASK;25686,5;25686,5
2025-12-10 01:09:48;25686,25;1;ASK;25686,25;25686,25
2025-12-10 01:09:52;25686,25;1;ASK;25686,25;25686,25
2025-12-10 01:09:56;25685,75;1;ASK;25685,75;25685,75
2025-12-10 01:09:58;25687,0;3;ASK;25687,0;25687,0
2025-12-10 01:10:02;25686,25;4;ASK;25686,25;25686,25
2025-12-10 01:10:03;25687,0;1;ASK;25687,0;25687,0
2025-12-10 01:10:06;25687,5;1;ASK;25687,5;25687,5
2025-12-10 01:10:07;25687,75;1;ASK;25687,75;25687,75
2025-12-10 01:10:08;25687,25;2;ASK;25687,25;25687,25
2025-12-10 01:10:10;25687,0;3;ASK;25687,0;25687,0
2025-12-10 01:10:11;25687,0;1;ASK;25687,0;25687,0
2025-12-10 01:10:13;25687,0;7;ASK;25687,0;25687,0
2025-12-10 01:10:14;25687,75;4;ASK;25687,75;25687,75
2025-12-10 01:10:15;25687,25;1;ASK;25687,25;25687,25
2025-12-10 01:10:16;25687,25;4;ASK;25687,25;25687,25
2025-12-10 01:10:21;25686,0;4;ASK;25686,0;25686,0
2025-12-10 01:10:23;25686,75;1;ASK;25686,75;25686,75
2025-12-10 01:10:25;25686,25;2;ASK;25686,25;25686,25
2025-12-10 01:10:28;25687,5;1;ASK;25687,5;25687,5
2025-12-10 01:10:31;25687,5;1;ASK;25687,5;25687,5
2025-12-10 01:10:44;25687,5;1;ASK;25687,5;25687,5
2025-12-10 01:10:45;25686,5;2;ASK;25686,5;25686,5
2025-12-10 01:10:52;25687,25;7;ASK;25687,25;25687,25
2025-12-10 01:10:53;25687,25;1;ASK;25687,25;25687,25
2025-12-10 01:10:59;25687,25;3;ASK;25687,25;25687,25
2025-12-10 01:11:00;25687,5;7;ASK;25687,5;25687,5
2025-12-10 01:11:01;25686,5;1;ASK;25686,5;25686,5
2025-12-10 01:11:04;25686,25;3;ASK;25686,25;25686,25
2025-12-10 01:11:05;25687,25;1;ASK;25687,25;25687,25
2025-12-10 01:11:06;25687,25;1;ASK;25687,25;25687,25
2025-12-10 01:11:07;25687,25;4;ASK;25687,25;25687,25
2025-12-10 01:11:09;25687,0;6;ASK;25687,0;25687,0
2025-12-10 01:11:11;25686,5;2;ASK;25686,5;25686,5
2025-12-10 01:11:14;25686,75;3;ASK;25686,75;25686,75
2025-12-10 01:11:21;25686,5;1;ASK;25686,5;25686,5
2025-12-10 01:11:28;25686,75;3;ASK;25686,75;25686,75
2025-12-10 01:11:30;25687,25;1;ASK;25687,25;25687,25
2025-12-10 01:11:32;25687,0;1;ASK;25687,0;25687,0
2025-12-10 01:11:33;25687,25;1;ASK;25687,25;25687,25
2025-12-10 01:11:34;25686,5;1;ASK;25686,5;25686,5
2025-12-10 01:11:37;25687,25;1;ASK;25687,25;25687,25
2025-12-10 01:11:38;25686,75;6;ASK;25686,75;25686,75
2025-12-10 01:11:43;25688,25;2;ASK;25688,25;25688,25
2025-12-10 01:11:53;25687,0;2;ASK;25687,0;25687,0
2025-12-10 01:11:56;25687,75;19;ASK;25687,75;25687,75
2025-12-10 01:12:00;25687,25;1;ASK;25687,25;25687,25
2025-12-10 01:12:01;25687,25;1;ASK;25687,25;25687,25
2025-12-10 01:12:05;25686,0;2;ASK;25686,0;25686,0
2025-12-10 01:12:07;25686,0;2;ASK;25686,0;25686,0
2025-12-10 01:12:09;25686,5;1;ASK;25686,5;25686,5
2025-12-10 01:12:10;25686,75;1;ASK;25686,75;25686,75
2025-12-10 01:12:12;25686,75;2;ASK;25686,75;25686,75
2025-12-10 01:12:13;25686,0;6;ASK;25686,0;25686,0
2025-12-10 01:12:15;25686,5;4;ASK;25686,5;25686,5
2025-12-10 01:12:16;25687,0;1;ASK;25687,0;25687,0
2025-12-10 01:12:17;25686,5;3;ASK;25686,5;25686,5
2025-12-10 01:12:18;25687,25;3;ASK;25687,25;25687,25
2025-12-10 01:12:19;25689,25;19;ASK;25689,25;25689,25
2025-12-10 01:12:25;25688,25;2;ASK;25688,25;25688,25
2025-12-10 01:12:26;25688,0;1;ASK;25688,0;25688,0
2025-12-10 01:12:27;25688,25;1;ASK;25688,25;25688,25
2025-12-10 01:12:32;25688,5;3;ASK;25688,5;25688,5
2025-12-10 01:12:37;25689,25;2;ASK;25689,25;25689,25
2025-12-10 01:12:38;25689,0;1;ASK;25689,0;25689,0
2025-12-10 01:12:39;25689,25;1;ASK;25689,25;25689,25
2025-12-10 01:12:40;25689,5;1;ASK;25689,5;25689,5
2025-12-10 01:12:41;25690,0;6;ASK;25690,0;25690,0
2025-12-10 01:12:43;25690,0;5;ASK;25690,0;25690,0
2025-12-10 01:12:44;25689,75;5;ASK;25689,75;25689,75
2025-12-10 01:12:45;25690,5;3;ASK;25690,5;25690,5
2025-12-10 01:12:47;25691,0;37;ASK;25691,0;25691,0
2025-12-10 01:12:48;25691,0;9;ASK;25691,0;25691,0
2025-12-10 01:12:51;25691,75;11;ASK;25691,75;25691,75
2025-12-10 01:12:52;25692,0;3;ASK;25692,0;25692,0
2025-12-10 01:12:53;25692,75;13;ASK;25692,75;25692,75
2025-12-10 01:12:54;25693,0;3;ASK;25693,0;25693,0
2025-12-10 01:12:55;25692,25;3;ASK;25692,25;25692,25
2025-12-10 01:12:57;25692,0;1;ASK;25692,0;25692,0
2025-12-10 01:12:59;25692,5;1;ASK;25692,5;25692,5
2025-12-10 01:13:00;25692,5;2;ASK;25692,5;25692,5
2025-12-10 01:13:01;25692,75;2;ASK;25692,75;25692,75
2025-12-10 01:13:02;25693,0;2;ASK;25693,0;25693,0
2025-12-10 01:13:03;25692,0;4;ASK;25692,0;25692,0
2025-12-10 01:13:05;25692,75;4;ASK;25692,75;25692,75
2025-12-10 01:13:06;25692,75;1;ASK;25692,75;25692,75
2025-12-10 01:13:07;25692,75;11;ASK;25692,75;25692,75
2025-12-10 01:13:09;25692,0;5;ASK;25692,0;25692,0
2025-12-10 01:13:11;25692,5;1;ASK;25692,5;25692,5
2025-12-10 01:13:13;25692,75;1;ASK;25692,75;25692,75
2025-12-10 01:13:14;25692,25;1;ASK;25692,25;25692,25
2025-12-10 01:13:16;25691,75;1;ASK;25691,75;25691,75
2025-12-10 01:13:17;25691,25;2;ASK;25691,25;25691,25
2025-12-10 01:13:20;25691,0;11;ASK;25691,0;25691,0
2025-12-10 01:13:25;25693,0;2;ASK;25693,0;25693,0
2025-12-10 01:13:26;25692,75;1;ASK;25692,75;25692,75
2025-12-10 01:13:28;25693,25;1;ASK;25693,25;25693,25
2025-12-10 01:13:29;25693,0;2;ASK;25693,0;25693,0
2025-12-10 01:13:32;25693,0;4;ASK;25693,0;25693,0
2025-12-10 01:13:34;25692,5;3;ASK;25692,5;25692,5
2025-12-10 01:13:35;25692,0;1;ASK;25692,0;25692,0
2025-12-10 01:13:38;25691,25;3;ASK;25691,25;25691,25
2025-12-10 01:13:45;25691,0;3;ASK;25691,0;25691,0
2025-12-10 01:13:47;25690,5;1;ASK;25690,5;25690,5
2025-12-10 01:13:49;25690,25;10;ASK;25690,25;25690,25
2025-12-10 01:13:50;25690,25;2;ASK;25690,25;25690,25
2025-12-10 01:13:53;25689,5;1;ASK;25689,5;25689,5
2025-12-10 01:13:54;25689,75;3;ASK;25689,75;25689,75
2025-12-10 01:13:55;25689,5;1;ASK;25689,5;25689,5
2025-12-10 01:14:00;25688,5;13;ASK;25688,5;25688,5
2025-12-10 01:14:01;25688,75;12;ASK;25688,75;25688,75
2025-12-10 01:14:02;25689,25;5;ASK;25689,25;25689,25
2025-12-10 01:14:03;25688,5;5;ASK;25688,5;25688,5
2025-12-10 01:14:05;25689,5;2;ASK;25689,5;25689,5
2025-12-10 01:14:07;25689,0;4;ASK;25689,0;25689,0
2025-12-10 01:14:10;25688,5;1;ASK;25688,5;25688,5
2025-12-10 01:14:11;25689,5;1;ASK;25689,5;25689,5
2025-12-10 01:14:14;25687,75;21;ASK;25687,75;25687,75
2025-12-10 01:14:15;25688,0;3;ASK;25688,0;25688,0
2025-12-10 01:14:16;25687,75;3;ASK;25687,75;25687,75
2025-12-10 01:14:18;25686,75;1;ASK;25686,75;25686,75
2025-12-10 01:14:19;25685,75;7;ASK;25685,75;25685,75
2025-12-10 01:14:20;25686,0;1;ASK;25686,0;25686,0
2025-12-10 01:14:22;25685,25;11;ASK;25685,25;25685,25
2025-12-10 01:14:23;25685,25;3;ASK;25685,25;25685,25
2025-12-10 01:14:25;25685,0;1;ASK;25685,0;25685,0
2025-12-10 01:14:27;25685,5;2;ASK;25685,5;25685,5
2025-12-10 01:14:30;25686,0;3;ASK;25686,0;25686,0
2025-12-10 01:14:31;25687,0;1;ASK;25687,0;25687,0
2025-12-10 01:14:32;25687,25;1;ASK;25687,25;25687,25
2025-12-10 01:14:33;25687,75;1;ASK;25687,75;25687,75
2025-12-10 01:14:37;25688,5;5;ASK;25688,5;25688,5
2025-12-10 01:14:40;25686,25;4;ASK;25686,25;25686,25
2025-12-10 01:14:45;25686,75;1;ASK;25686,75;25686,75
2025-12-10 01:15:01;25684,25;16;ASK;25684,25;25684,25
2025-12-10 01:15:02;25685,5;5;ASK;25685,5;25685,5
2025-12-10 01:15:03;25685,5;1;ASK;25685,5;25685,5
2025-12-10 01:15:05;25686,0;1;ASK;25686,0;25686,0
2025-12-10 01:15:08;25684,75;3;ASK;25684,75;25684,75
2025-12-10 01:15:10;25683,75;7;ASK;25683,75;25683,75
2025-12-10 01:15:11;25683,0;7;ASK;25683,0;25683,0
2025-12-10 01:15:12;25680,75;26;ASK;25680,75;25680,75
2025-12-10 01:15:13;25681,25;2;ASK;25681,25;25681,25
2025-12-10 01:15:14;25681,75;8;ASK;25681,75;25681,75
2025-12-10 01:15:16;25681,75;7;ASK;25681,75;25681,75
2025-12-10 01:15:17;25680,75;6;ASK;25680,75;25680,75
2025-12-10 01:15:18;25681,25;1;ASK;25681,25;25681,25
2025-12-10 01:15:19;25681,0;1;ASK;25681,0;25681,0
2025-12-10 01:15:21;25682,25;2;ASK;25682,25;25682,25
2025-12-10 01:15:22;25683,0;4;ASK;25683,0;25683,0
2025-12-10 01:15:23;25681,75;9;ASK;25681,75;25681,75
2025-12-10 01:15:26;25681,5;3;ASK;25681,5;25681,5
2025-12-10 01:15:28;25680,5;4;ASK;25680,5;25680,5
2025-12-10 01:15:29;25680,25;2;ASK;25680,25;25680,25
2025-12-10 01:15:30;25680,75;1;ASK;25680,75;25680,75
2025-12-10 01:15:31;25680,5;9;ASK;25680,5;25680,5
2025-12-10 01:15:37;25681,25;1;ASK;25681,25;25681,25
2025-12-10 01:15:39;25683,25;22;ASK;25683,25;25683,25
2025-12-10 01:15:40;25682,25;2;ASK;25682,25;25682,25
2025-12-10 01:15:43;25681,75;3;ASK;25681,75;25681,75
2025-12-10 01:15:48;25683,0;5;ASK;25683,0;25683,0
2025-12-10 01:15:50;25681,25;1;ASK;25681,25;25681,25
2025-12-10 01:15:53;25682,75;10;ASK;25682,75;25682,75
2025-12-10 01:15:55;25682,75;2;ASK;25682,75;25682,75
2025-12-10 01:15:56;25682,25;1;ASK;25682,25;25682,25
2025-12-10 01:15:58;25682,5;1;ASK;25682,5;25682,5
2025-12-10 01:16:01;25683,5;5;ASK;25683,5;25683,5
2025-12-10 01:16:02;25682,75;1;ASK;25682,75;25682,75
2025-12-10 01:16:07;25681,0;2;ASK;25681,0;25681,0
2025-12-10 01:16:08;25680,25;12;ASK;25680,25;25680,25
2025-12-10 01:16:11;25680,25;8;ASK;25680,25;25680,25
2025-12-10 01:16:14;25680,5;2;ASK;25680,5;25680,5
2025-12-10 01:16:15;25680,5;6;ASK;25680,5;25680,5
2025-12-10 01:16:18;25679,25;1;ASK;25679,25;25679,25
2025-12-10 01:16:19;25679,0;2;ASK;25679,0;25679,0
2025-12-10 01:16:21;25678,75;3;ASK;25678,75;25678,75
2025-12-10 01:16:22;25679,25;1;ASK;25679,25;25679,25
2025-12-10 01:16:23;25679,0;1;ASK;25679,0;25679,0
2025-12-10 01:16:24;25679,75;4;ASK;25679,75;25679,75
2025-12-10 01:16:26;25680,0;1;ASK;25680,0;25680,0
2025-12-10 01:16:27;25680,75;1;ASK;25680,75;25680,75
2025-12-10 01:16:29;25680,0;5;ASK;25680,0;25680,0
2025-12-10 01:16:34;25680,0;1;ASK;25680,0;25680,0
2025-12-10 01:16:35;25680,0;1;ASK;25680,0;25680,0
2025-12-10 01:16:36;25680,25;5;ASK;25680,25;25680,25
2025-12-10 01:16:37;25681,25;9;ASK;25681,25;25681,25
2025-12-10 01:16:40;25680,75;1;ASK;25680,75;25680,75
2025-12-10 01:16:41;25680,5;1;ASK;25680,5;25680,5
2025-12-10 01:16:42;25681,0;1;ASK;25681,0;25681,0
2025-12-10 01:16:46;25679,25;6;ASK;25679,25;25679,25
2025-12-10 01:16:48;25678,75;2;ASK;25678,75;25678,75
2025-12-10 01:16:49;25678,5;2;ASK;25678,5;25678,5
2025-12-10 01:16:52;25678,75;1;ASK;25678,75;25678,75
2025-12-10 01:16:53;25679,0;2;ASK;25679,0;25679,0
2025-12-10 01:16:57;25679,0;1;ASK;25679,0;25679,0
2025-12-10 01:16:58;25679,25;1;ASK;25679,25;25679,25
2025-12-10 01:17:01;25679,0;1;ASK;25679,0;25679,0
2025-12-10 01:17:02;25679,5;2;ASK;25679,5;25679,5
2025-12-10 01:17:03;25678,25;2;ASK;25678,25;25678,25
2025-12-10 01:17:08;25677,25;18;ASK;25677,25;25677,25
2025-12-10 01:17:09;25677,25;1;ASK;25677,25;25677,25
2025-12-10 01:17:10;25677,25;14;ASK;25677,25;25677,25
2025-12-10 01:17:13;25674,0;27;ASK;25674,0;25674,0
2025-12-10 01:17:14;25671,5;44;ASK;25671,5;25671,5
2025-12-10 01:17:15;25672,25;10;ASK;25672,25;25672,25
2025-12-10 01:17:17;25672,75;7;ASK;25672,75;25672,75
2025-12-10 01:17:19;25673,5;1;ASK;25673,5;25673,5
2025-12-10 01:17:22;25672,75;1;ASK;25672,75;25672,75
2025-12-10 01:17:26;25673,75;1;ASK;25673,75;25673,75
2025-12-10 01:17:28;25674,0;1;ASK;25674,0;25674,0
2025-12-10 01:17:31;25674,5;1;ASK;25674,5;25674,5
2025-12-10 01:17:34;25673,75;2;ASK;25673,75;25673,75
2025-12-10 01:17:36;25673,75;1;ASK;25673,75;25673,75
2025-12-10 01:17:40;25673,0;1;ASK;25673,0;25673,0
2025-12-10 01:17:43;25673,5;2;ASK;25673,5;25673,5
2025-12-10 01:17:44;25673,5;1;ASK;25673,5;25673,5
2025-12-10 01:17:45;25673,75;3;ASK;25673,75;25673,75
2025-12-10 01:17:47;25673,0;8;ASK;25673,0;25673,0
2025-12-10 01:17:48;25673,75;1;ASK;25673,75;25673,75
2025-12-10 01:17:50;25673,75;1;ASK;25673,75;25673,75
2025-12-10 01:17:51;25673,0;1;ASK;25673,0;25673,0
2025-12-10 01:17:52;25674,25;10;ASK;25674,25;25674,25
2025-12-10 01:18:00;25675,5;5;ASK;25675,5;25675,5
2025-12-10 01:18:02;25676,75;3;ASK;25676,75;25676,75
2025-12-10 01:18:03;25676,5;31;ASK;25676,5;25676,5
2025-12-10 01:18:07;25676,25;3;ASK;25676,25;25676,25
2025-12-10 01:18:08;25676,25;2;ASK;25676,25;25676,25
2025-12-10 01:18:11;25676,0;1;ASK;25676,0;25676,0
2025-12-10 01:18:12;25676,5;1;ASK;25676,5;25676,5
2025-12-10 01:18:13;25676,25;2;ASK;25676,25;25676,25
2025-12-10 01:18:14;25676,25;3;ASK;25676,25;25676,25
2025-12-10 01:18:15;25676,0;1;ASK;25676,0;25676,0
2025-12-10 01:18:19;25676,0;3;ASK;25676,0;25676,0
2025-12-10 01:18:20;25675,5;6;ASK;25675,5;25675,5
2025-12-10 01:18:21;25675,75;1;ASK;25675,75;25675,75
2025-12-10 01:18:22;25674,5;5;ASK;25674,5;25674,5
2025-12-10 01:18:28;25674,0;9;ASK;25674,0;25674,0
2025-12-10 01:18:31;25674,75;1;ASK;25674,75;25674,75
2025-12-10 01:18:36;25676,75;12;ASK;25676,75;25676,75
2025-12-10 01:18:37;25675,25;1;ASK;25675,25;25675,25
2025-12-10 01:18:42;25674,5;1;ASK;25674,5;25674,5
2025-12-10 01:18:47;25674,0;2;ASK;25674,0;25674,0
2025-12-10 01:18:52;25675,0;2;ASK;25675,0;25675,0
2025-12-10 01:18:57;25674,5;2;ASK;25674,5;25674,5
2025-12-10 01:19:00;25674,75;1;ASK;25674,75;25674,75
2025-12-10 01:19:06;25673,5;1;ASK;25673,5;25673,5
2025-12-10 01:19:09;25674,5;1;ASK;25674,5;25674,5
2025-12-10 01:19:10;25675,5;5;ASK;25675,5;25675,5
2025-12-10 01:19:14;25673,75;2;ASK;25673,75;25673,75
2025-12-10 01:19:17;25674,0;1;ASK;25674,0;25674,0
2025-12-10 01:19:22;25673,25;1;ASK;25673,25;25673,25
2025-12-10 01:19:25;25673,0;2;ASK;25673,0;25673,0
2025-12-10 01:19:27;25673,25;1;ASK;25673,25;25673,25
2025-12-10 01:19:30;25672,0;6;ASK;25672,0;25672,0
2025-12-10 01:19:32;25672,0;1;ASK;25672,0;25672,0
2025-12-10 01:19:34;25672,0;1;ASK;25672,0;25672,0
2025-12-10 01:19:38;25672,25;2;ASK;25672,25;25672,25
2025-12-10 01:19:41;25671,0;7;ASK;25671,0;25671,0
2025-12-10 01:19:42;25671,0;5;ASK;25671,0;25671,0
2025-12-10 01:19:43;25671,0;2;ASK;25671,0;25671,0
2025-12-10 01:19:44;25670,75;1;ASK;25670,75;25670,75
2025-12-10 01:19:47;25670,75;2;ASK;25670,75;25670,75
2025-12-10 01:19:51;25671,5;1;ASK;25671,5;25671,5
2025-12-10 01:19:53;25671,5;1;ASK;25671,5;25671,5
2025-12-10 01:19:56;25672,0;1;ASK;25672,0;25672,0
2025-12-10 01:19:57;25672,0;1;ASK;25672,0;25672,0
2025-12-10 01:20:02;25670,5;1;ASK;25670,5;25670,5
2025-12-10 01:20:03;25669,25;8;ASK;25669,25;25669,25
2025-12-10 01:20:04;25668,75;4;ASK;25668,75;25668,75
2025-12-10 01:20:05;25669,5;1;ASK;25669,5;25669,5
2025-12-10 01:20:06;25669,5;1;ASK;25669,5;25669,5
2025-12-10 01:20:07;25669,75;2;ASK;25669,75;25669,75
2025-12-10 01:20:08;25669,0;2;ASK;25669,0;25669,0
2025-12-10 01:20:10;25669,75;1;ASK;25669,75;25669,75
2025-12-10 01:20:13;25670,25;1;ASK;25670,25;25670,25
2025-12-10 01:20:19;25671,25;1;ASK;25671,25;25671,25
2025-12-10 01:20:20;25672,25;1;ASK;25672,25;25672,25
2025-12-10 01:20:22;25672,25;1;ASK;25672,25;25672,25
2025-12-10 01:20:23;25672,25;2;ASK;25672,25;25672,25
2025-12-10 01:20:31;25672,25;1;ASK;25672,25;25672,25
2025-12-10 01:20:37;25673,25;3;ASK;25673,25;25673,25
2025-12-10 01:20:43;25672,5;2;ASK;25672,5;25672,5
2025-12-10 01:20:46;25672,5;5;ASK;25672,5;25672,5
2025-12-10 01:20:49;25672,5;1;ASK;25672,5;25672,5
2025-12-10 01:20:52;25673,0;2;ASK;25673,0;25673,0
2025-12-10 01:20:53;25672,25;1;ASK;25672,25;25672,25
2025-12-10 01:20:59;25673,0;1;ASK;25673,0;25673,0
2025-12-10 01:21:00;25671,25;3;ASK;25671,25;25671,25
2025-12-10 01:21:01;25670,5;1;ASK;25670,5;25670,5
2025-12-10 01:21:04;25671,0;1;ASK;25671,0;25671,0
2025-12-10 01:21:06;25670,5;2;ASK;25670,5;25670,5
2025-12-10 01:21:07;25671,0;1;ASK;25671,0;25671,0
2025-12-10 01:21:17;25670,75;1;ASK;25670,75;25670,75
2025-12-10 01:21:19;25671,25;1;ASK;25671,25;25671,25
2025-12-10 01:21:23;25670,5;1;ASK;25670,5;25670,5
2025-12-10 01:21:24;25670,5;23;ASK;25670,5;25670,5
2025-12-10 01:21:32;25671,25;1;ASK;25671,25;25671,25
2025-12-10 01:21:34;25671,25;1;ASK;25671,25;25671,25
2025-12-10 01:21:35;25670,5;1;ASK;25670,5;25670,5
2025-12-10 01:21:39;25671,5;1;ASK;25671,5;25671,5
2025-12-10 01:21:51;25671,25;1;ASK;25671,25;25671,25
2025-12-10 01:21:56;25672,5;1;ASK;25672,5;25672,5
2025-12-10 01:21:59;25673,0;1;ASK;25673,0;25673,0
2025-12-10 01:22:00;25673,0;1;ASK;25673,0;25673,0
2025-12-10 01:22:01;25673,25;1;ASK;25673,25;25673,25
2025-12-10 01:22:03;25673,25;1;ASK;25673,25;25673,25
2025-12-10 01:22:05;25672,5;1;ASK;25672,5;25672,5
2025-12-10 01:22:08;25673,0;2;ASK;25673,0;25673,0
2025-12-10 01:22:11;25673,25;1;ASK;25673,25;25673,25
2025-12-10 01:22:13;25673,0;1;ASK;25673,0;25673,0
2025-12-10 01:22:15;25673,0;1;ASK;25673,0;25673,0
2025-12-10 01:22:18;25673,75;3;ASK;25673,75;25673,75
2025-12-10 01:22:23;25673,75;2;ASK;25673,75;25673,75
2025-12-10 01:22:24;25674,0;4;ASK;25674,0;25674,0
2025-12-10 01:22:25;25674,0;1;ASK;25674,0;25674,0
2025-12-10 01:22:26;25674,75;12;ASK;25674,75;25674,75
2025-12-10 01:22:27;25675,5;1;ASK;25675,5;25675,5
2025-12-10 01:22:30;25675,25;1;ASK;25675,25;25675,25
2025-12-10 01:22:34;25676,75;1;ASK;25676,75;25676,75
2025-12-10 01:22:35;25676,5;1;ASK;25676,5;25676,5
2025-12-10 01:22:36;25675,75;1;ASK;25675,75;25675,75
2025-12-10 01:22:38;25675,25;2;ASK;25675,25;25675,25
2025-12-10 01:22:46;25675,0;1;ASK;25675,0;25675,0
2025-12-10 01:22:47;25675,0;1;ASK;25675,0;25675,0
2025-12-10 01:22:50;25675,0;1;ASK;25675,0;25675,0
2025-12-10 01:22:51;25675,0;1;ASK;25675,0;25675,0
2025-12-10 01:22:53;25674,5;1;ASK;25674,5;25674,5
2025-12-10 01:22:54;25674,75;1;ASK;25674,75;25674,75
2025-12-10 01:23:00;25674,25;1;ASK;25674,25;25674,25
2025-12-10 01:23:03;25673,75;1;ASK;25673,75;25673,75
2025-12-10 01:23:05;25673,25;1;ASK;25673,25;25673,25
2025-12-10 01:23:06;25673,25;1;ASK;25673,25;25673,25
2025-12-10 01:23:12;25673,0;1;ASK;25673,0;25673,0
2025-12-10 01:23:13;25671,5;15;ASK;25671,5;25671,5
2025-12-10 01:23:17;25672,5;4;ASK;25672,5;25672,5
2025-12-10 01:23:19;25671,75;1;ASK;25671,75;25671,75
2025-12-10 01:23:25;25672,0;1;ASK;25672,0;25672,0
2025-12-10 01:23:27;25672,75;1;ASK;25672,75;25672,75
2025-12-10 01:23:31;25672,75;1;ASK;25672,75;25672,75
2025-12-10 01:23:38;25671,75;1;ASK;25671,75;25671,75
2025-12-10 01:23:41;25671,5;1;ASK;25671,5;25671,5
2025-12-10 01:23:51;25671,5;1;ASK;25671,5;25671,5
2025-12-10 01:23:55;25671,25;1;ASK;25671,25;25671,25
2025-12-10 01:23:57;25670,25;6;ASK;25670,25;25670,25
2025-12-10 01:24:03;25670,0;1;ASK;25670,0;25670,0
2025-12-10 01:24:07;25670,0;4;ASK;25670,0;25670,0
2025-12-10 01:24:08;25668,0;34;ASK;25668,0;25668,0
2025-12-10 01:24:09;25669,0;5;ASK;25669,0;25669,0
2025-12-10 01:24:12;25667,5;2;ASK;25667,5;25667,5
2025-12-10 01:24:13;25667,5;3;ASK;25667,5;25667,5
2025-12-10 01:24:16;25667,0;18;ASK;25667,0;25667,0
2025-12-10 01:24:17;25667,0;1;ASK;25667,0;25667,0
2025-12-10 01:24:18;25666,75;15;ASK;25666,75;25666,75
2025-12-10 01:24:19;25667,5;4;ASK;25667,5;25667,5
2025-12-10 01:24:20;25665,5;8;ASK;25665,5;25665,5
2025-12-10 01:24:21;25666,75;1;ASK;25666,75;25666,75
2025-12-10 01:24:22;25666,5;1;ASK;25666,5;25666,5
2025-12-10 01:24:23;25666,25;1;ASK;25666,25;25666,25
2025-12-10 01:24:25;25667,0;1;ASK;25667,0;25667,0
2025-12-10 01:24:27;25667,0;1;ASK;25667,0;25667,0
2025-12-10 01:24:28;25667,0;1;ASK;25667,0;25667,0
2025-12-10 01:24:29;25666,25;28;ASK;25666,25;25666,25
2025-12-10 01:24:31;25667,25;2;ASK;25667,25;25667,25
2025-12-10 01:24:32;25667,0;2;ASK;25667,0;25667,0
2025-12-10 01:24:33;25666,0;2;ASK;25666,0;25666,0
2025-12-10 01:24:35;25664,25;72;ASK;25664,25;25664,25
2025-12-10 01:24:36;25664,25;1;ASK;25664,25;25664,25
2025-12-10 01:24:37;25665,0;20;ASK;25665,0;25665,0
2025-12-10 01:24:39;25664,5;1;ASK;25664,5;25664,5
2025-12-10 01:24:40;25663,0;4;ASK;25663,0;25663,0
2025-12-10 01:24:41;25662,75;5;ASK;25662,75;25662,75
2025-12-10 01:24:42;25662,5;32;ASK;25662,5;25662,5
2025-12-10 01:24:43;25662,5;7;ASK;25662,5;25662,5
2025-12-10 01:24:44;25663,0;5;ASK;25663,0;25663,0
2025-12-10 01:24:46;25664,75;6;ASK;25664,75;25664,75
2025-12-10 01:24:47;25663,75;3;ASK;25663,75;25663,75
2025-12-10 01:24:48;25665,0;1;ASK;25665,0;25665,0
2025-12-10 01:24:50;25664,5;1;ASK;25664,5;25664,5
2025-12-10 01:24:51;25665,25;9;ASK;25665,25;25665,25
2025-12-10 01:25:01;25666,25;1;ASK;25666,25;25666,25
2025-12-10 01:25:04;25668,0;10;ASK;25668,0;25668,0
2025-12-10 01:25:06;25668,0;2;ASK;25668,0;25668,0
2025-12-10 01:25:07;25667,0;7;ASK;25667,0;25667,0
2025-12-10 01:25:08;25667,25;8;ASK;25667,25;25667,25
2025-12-10 01:25:15;25667,75;2;ASK;25667,75;25667,75
2025-12-10 01:25:17;25667,5;1;ASK;25667,5;25667,5
2025-12-10 01:25:18;25667,75;2;ASK;25667,75;25667,75
2025-12-10 01:25:25;25669,25;1;ASK;25669,25;25669,25
2025-12-10 01:25:26;25669,25;9;ASK;25669,25;25669,25
2025-12-10 01:25:27;25670,25;4;ASK;25670,25;25670,25
2025-12-10 01:25:28;25669,75;1;ASK;25669,75;25669,75
2025-12-10 01:25:30;25669,0;1;ASK;25669,0;25669,0
2025-12-10 01:25:33;25670,5;13;ASK;25670,5;25670,5
2025-12-10 01:25:37;25669,75;2;ASK;25669,75;25669,75
2025-12-10 01:25:38;25671,0;2;ASK;25671,0;25671,0
2025-12-10 01:25:39;25670,25;1;ASK;25670,25;25670,25
2025-12-10 01:25:40;25671,0;3;ASK;25671,0;25671,0
2025-12-10 01:25:41;25669,75;5;ASK;25669,75;25669,75
2025-12-10 01:25:44;25669,25;1;ASK;25669,25;25669,25
2025-12-10 01:25:47;25669,5;1;ASK;25669,5;25669,5
2025-12-10 01:25:48;25670,25;1;ASK;25670,25;25670,25
2025-12-10 01:25:51;25671,0;1;ASK;25671,0;25671,0
2025-12-10 01:25:53;25671,75;9;ASK;25671,75;25671,75
2025-12-10 01:25:56;25670,75;1;ASK;25670,75;25670,75
2025-12-10 01:25:57;25670,25;1;ASK;25670,25;25670,25
2025-12-10 01:26:02;25671,25;5;ASK;25671,25;25671,25
2025-12-10 01:26:03;25674,0;6;ASK;25674,0;25674,0
2025-12-10 01:26:04;25673,75;3;ASK;25673,75;25673,75
2025-12-10 01:26:05;25672,75;1;ASK;25672,75;25672,75
2025-12-10 01:26:06;25673,25;2;ASK;25673,25;25673,25
2025-12-10 01:26:07;25672,0;4;ASK;25672,0;25672,0
2025-12-10 01:26:17;25672,25;2;ASK;25672,25;25672,25
2025-12-10 01:26:18;25673,0;1;ASK;25673,0;25673,0
2025-12-10 01:26:19;25672,0;4;ASK;25672,0;25672,0
2025-12-10 01:26:21;25672,5;2;ASK;25672,5;25672,5
2025-12-10 01:26:30;25672,0;1;ASK;25672,0;25672,0
2025-12-10 01:26:31;25672,0;1;ASK;25672,0;25672,0
2025-12-10 01:26:35;25673,5;4;ASK;25673,5;25673,5
2025-12-10 01:26:36;25673,75;3;ASK;25673,75;25673,75
2025-12-10 01:26:37;25673,0;2;ASK;25673,0;25673,0
2025-12-10 01:26:38;25672,25;8;ASK;25672,25;25672,25
2025-12-10 01:26:39;25672,75;1;ASK;25672,75;25672,75
2025-12-10 01:26:41;25672,5;2;ASK;25672,5;25672,5
2025-12-10 01:26:52;25673,25;2;ASK;25673,25;25673,25
2025-12-10 01:26:57;25673,0;1;ASK;25673,0;25673,0
2025-12-10 01:27:03;25672,5;5;ASK;25672,5;25672,5
2025-12-10 01:27:05;25672,0;1;ASK;25672,0;25672,0
2025-12-10 01:27:08;25671,5;2;ASK;25671,5;25671,5
2025-12-10 01:27:11;25671,0;3;ASK;25671,0;25671,0
2025-12-10 01:27:19;25669,75;6;ASK;25669,75;25669,75
2025-12-10 01:27:27;25670,75;1;ASK;25670,75;25670,75
2025-12-10 01:27:29;25670,25;1;ASK;25670,25;25670,25
2025-12-10 01:27:37;25670,25;2;ASK;25670,25;25670,25
2025-12-10 01:27:38;25671,0;1;ASK;25671,0;25671,0
2025-12-10 01:27:46;25672,25;2;ASK;25672,25;25672,25
2025-12-10 01:27:47;25672,0;1;ASK;25672,0;25672,0
2025-12-10 01:27:49;25671,5;1;ASK;25671,5;25671,5
2025-12-10 01:27:53;25670,0;11;ASK;25670,0;25670,0
2025-12-10 01:27:55;25670,25;5;ASK;25670,25;25670,25
2025-12-10 01:28:00;25670,25;5;ASK;25670,25;25670,25
2025-12-10 01:28:01;25670,25;1;ASK;25670,25;25670,25
2025-12-10 01:28:08;25670,75;1;ASK;25670,75;25670,75
2025-12-10 01:28:13;25671,5;6;ASK;25671,5;25671,5
2025-12-10 01:28:18;25671,25;5;ASK;25671,25;25671,25
2025-12-10 01:28:26;25671,25;5;ASK;25671,25;25671,25
2025-12-10 01:28:28;25671,25;2;ASK;25671,25;25671,25
2025-12-10 01:29:01;25670,75;7;ASK;25670,75;25670,75
2025-12-10 01:29:04;25670,75;1;ASK;25670,75;25670,75
2025-12-10 01:29:06;25671,0;1;ASK;25671,0;25671,0
2025-12-10 01:29:17;25671,5;2;ASK;25671,5;25671,5
2025-12-10 01:29:31;25670,25;1;ASK;25670,25;25670,25
2025-12-10 01:29:34;25670,75;4;ASK;25670,75;25670,75
2025-12-10 01:29:42;25671,25;1;ASK;25671,25;25671,25
2025-12-10 01:29:44;25670,75;1;ASK;25670,75;25670,75
2025-12-10 01:29:57;25672,0;1;ASK;25672,0;25672,0
2025-12-10 01:30:02;25671,0;4;ASK;25671,0;25671,0
2025-12-10 01:30:05;25671,0;3;ASK;25671,0;25671,0
2025-12-10 01:30:08;25672,25;7;ASK;25672,25;25672,25
2025-12-10 01:30:09;25671,75;1;ASK;25671,75;25671,75
2025-12-10 01:30:10;25672,75;4;ASK;25672,75;25672,75
2025-12-10 01:30:16;25671,75;10;ASK;25671,75;25671,75
2025-12-10 01:30:45;25671,0;4;ASK;25671,0;25671,0
2025-12-10 01:30:49;25671,25;1;ASK;25671,25;25671,25
2025-12-10 01:30:51;25671,25;1;ASK;25671,25;25671,25
2025-12-10 01:31:01;25672,0;6;ASK;25672,0;25672,0
2025-12-10 01:31:02;25673,0;1;ASK;25673,0;25673,0
2025-12-10 01:31:03;25673,25;1;ASK;25673,25;25673,25
2025-12-10 01:31:04;25672,75;2;ASK;25672,75;25672,75
2025-12-10 01:31:08;25672,75;1;ASK;25672,75;25672,75
2025-12-10 01:31:09;25673,75;3;ASK;25673,75;25673,75
2025-12-10 01:31:10;25674,75;21;ASK;25674,75;25674,75
2025-12-10 01:31:11;25675,0;2;ASK;25675,0;25675,0
2025-12-10 01:31:13;25675,5;6;ASK;25675,5;25675,5
2025-12-10 01:31:14;25676,25;10;ASK;25676,25;25676,25
2025-12-10 01:31:15;25676,0;7;ASK;25676,0;25676,0
2025-12-10 01:31:16;25677,25;20;ASK;25677,25;25677,25
2025-12-10 01:31:19;25676,75;2;ASK;25676,75;25676,75
2025-12-10 01:31:23;25677,0;6;ASK;25677,0;25677,0
2025-12-10 01:31:27;25676,25;1;ASK;25676,25;25676,25
2025-12-10 01:31:28;25676,0;3;ASK;25676,0;25676,0
2025-12-10 01:31:34;25676,25;1;ASK;25676,25;25676,25
2025-12-10 01:31:37;25676,25;1;ASK;25676,25;25676,25
2025-12-10 01:31:42;25674,0;3;ASK;25674,0;25674,0
2025-12-10 01:31:43;25673,25;12;ASK;25673,25;25673,25
2025-12-10 01:31:44;25673,0;1;ASK;25673,0;25673,0
2025-12-10 01:31:49;25674,0;1;ASK;25674,0;25674,0
2025-12-10 01:31:50;25674,0;1;ASK;25674,0;25674,0
2025-12-10 01:31:58;25673,75;3;ASK;25673,75;25673,75
2025-12-10 01:32:13;25674,75;1;ASK;25674,75;25674,75
2025-12-10 01:32:20;25674,0;1;ASK;25674,0;25674,0
2025-12-10 01:32:24;25673,75;1;ASK;25673,75;25673,75
2025-12-10 01:32:41;25674,5;3;ASK;25674,5;25674,5
2025-12-10 01:32:53;25674,75;1;ASK;25674,75;25674,75
2025-12-10 01:32:55;25675,0;2;ASK;25675,0;25675,0
2025-12-10 01:32:56;25674,75;1;ASK;25674,75;25674,75
2025-12-10 01:32:57;25675,25;1;ASK;25675,25;25675,25
2025-12-10 01:33:01;25674,5;3;ASK;25674,5;25674,5
2025-12-10 01:33:02;25673,5;1;ASK;25673,5;25673,5
2025-12-10 01:33:04;25673,0;3;ASK;25673,0;25673,0
2025-12-10 01:33:05;25673,5;1;ASK;25673,5;25673,5
2025-12-10 01:33:10;25673,75;1;ASK;25673,75;25673,75
2025-12-10 01:33:12;25675,0;2;ASK;25675,0;25675,0
2025-12-10 01:33:17;25673,75;1;ASK;25673,75;25673,75
2025-12-10 01:33:25;25673,25;1;ASK;25673,25;25673,25
2025-12-10 01:33:27;25674,25;1;ASK;25674,25;25674,25
2025-12-10 01:33:29;25674,5;5;ASK;25674,5;25674,5
2025-12-10 01:33:47;25673,25;1;ASK;25673,25;25673,25
2025-12-10 01:33:50;25672,5;1;ASK;25672,5;25672,5
2025-12-10 01:34:02;25672,75;1;ASK;25672,75;25672,75
2025-12-10 01:34:10;25672,75;1;ASK;25672,75;25672,75
2025-12-10 01:34:22;25670,5;7;ASK;25670,5;25670,5
2025-12-10 01:34:25;25671,75;2;ASK;25671,75;25671,75
2025-12-10 01:34:30;25672,5;3;ASK;25672,5;25672,5
2025-12-10 01:34:36;25672,5;1;ASK;25672,5;25672,5
2025-12-10 01:34:37;25672,5;1;ASK;25672,5;25672,5
2025-12-10 01:34:39;25673,5;1;ASK;25673,5;25673,5
2025-12-10 01:34:48;25672,5;1;ASK;25672,5;25672,5
2025-12-10 01:34:51;25672,75;2;ASK;25672,75;25672,75
2025-12-10 01:34:56;25673,5;1;ASK;25673,5;25673,5
2025-12-10 01:34:57;25672,75;2;ASK;25672,75;25672,75
2025-12-10 01:35:00;25673,5;1;ASK;25673,5;25673,5
2025-12-10 01:35:03;25673,5;1;ASK;25673,5;25673,5
2025-12-10 01:35:04;25674,5;2;ASK;25674,5;25674,5
2025-12-10 01:35:05;25675,0;8;ASK;25675,0;25675,0
2025-12-10 01:35:08;25675,0;1;ASK;25675,0;25675,0
2025-12-10 01:35:12;25674,0;1;ASK;25674,0;25674,0
2025-12-10 01:35:20;25673,75;2;ASK;25673,75;25673,75
2025-12-10 01:35:27;25673,5;1;ASK;25673,5;25673,5
2025-12-10 01:35:40;25674,0;2;ASK;25674,0;25674,0
2025-12-10 01:35:52;25674,0;2;ASK;25674,0;25674,0
2025-12-10 01:35:53;25675,0;3;ASK;25675,0;25675,0
2025-12-10 01:36:06;25675,25;2;ASK;25675,25;25675,25
2025-12-10 01:36:09;25674,75;1;ASK;25674,75;25674,75
2025-12-10 01:36:13;25673,75;3;ASK;25673,75;25673,75
2025-12-10 01:36:14;25673,25;1;ASK;25673,25;25673,25
2025-12-10 01:36:15;25674,25;2;ASK;25674,25;25674,25
2025-12-10 01:36:21;25673,0;1;ASK;25673,0;25673,0
2025-12-10 01:36:25;25673,75;1;ASK;25673,75;25673,75
2025-12-10 01:36:40;25673,25;1;ASK;25673,25;25673,25
2025-12-10 01:36:47;25673,0;2;ASK;25673,0;25673,0
2025-12-10 01:36:50;25673,25;1;ASK;25673,25;25673,25
2025-12-10 01:36:52;25674,0;3;ASK;25674,0;25674,0
2025-12-10 01:36:54;25674,0;3;ASK;25674,0;25674,0
2025-12-10 01:37:04;25673,5;2;ASK;25673,5;25673,5
2025-12-10 01:37:09;25674,0;1;ASK;25674,0;25674,0
2025-12-10 01:37:12;25673,0;2;ASK;25673,0;25673,0
2025-12-10 01:37:19;25674,0;1;ASK;25674,0;25674,0
2025-12-10 01:37:23;25674,0;1;ASK;25674,0;25674,0
2025-12-10 01:37:26;25673,75;1;ASK;25673,75;25673,75
2025-12-10 01:37:27;25673,0;4;ASK;25673,0;25673,0
2025-12-10 01:37:38;25672,5;3;ASK;25672,5;25672,5
2025-12-10 01:37:43;25673,5;2;ASK;25673,5;25673,5
2025-12-10 01:37:46;25673,25;2;ASK;25673,25;25673,25
2025-12-10 01:37:52;25673,75;2;ASK;25673,75;25673,75
2025-12-10 01:38:06;25672,75;1;ASK;25672,75;25672,75
2025-12-10 01:38:08;25673,0;1;ASK;25673,0;25673,0
2025-12-10 01:38:24;25673,5;2;ASK;25673,5;25673,5
2025-12-10 01:38:32;25673,5;1;ASK;25673,5;25673,5
2025-12-10 01:38:35;25674,0;1;ASK;25674,0;25674,0
2025-12-10 01:38:39;25674,5;4;ASK;25674,5;25674,5
2025-12-10 01:38:46;25674,75;1;ASK;25674,75;25674,75
2025-12-10 01:38:56;25674,5;1;ASK;25674,5;25674,5
2025-12-10 01:39:01;25675,0;1;ASK;25675,0;25675,0
2025-12-10 01:39:04;25675,0;4;ASK;25675,0;25675,0
2025-12-10 01:39:05;25675,0;1;ASK;25675,0;25675,0
2025-12-10 01:39:06;25673,5;2;ASK;25673,5;25673,5
2025-12-10 01:39:09;25673,75;1;ASK;25673,75;25673,75
2025-12-10 01:39:12;25670,25;32;ASK;25670,25;25670,25
2025-12-10 01:39:14;25671,75;1;ASK;25671,75;25671,75
2025-12-10 01:39:16;25670,0;10;ASK;25670,0;25670,0
2025-12-10 01:39:19;25670,25;5;ASK;25670,25;25670,25
2025-12-10 01:39:21;25671,0;1;ASK;25671,0;25671,0
2025-12-10 01:39:23;25670,75;1;ASK;25670,75;25670,75
2025-12-10 01:39:31;25670,75;10;ASK;25670,75;25670,75
2025-12-10 01:39:47;25670,0;2;ASK;25670,0;25670,0
2025-12-10 01:40:01;25671,5;5;ASK;25671,5;25671,5
2025-12-10 01:40:02;25670,0;1;ASK;25670,0;25670,0
2025-12-10 01:40:03;25669,75;1;ASK;25669,75;25669,75
2025-12-10 01:40:04;25668,75;6;ASK;25668,75;25668,75
2025-12-10 01:40:09;25669,75;2;ASK;25669,75;25669,75
2025-12-10 01:40:10;25668,75;4;ASK;25668,75;25668,75
2025-12-10 01:40:12;25668,0;1;ASK;25668,0;25668,0
2025-12-10 01:40:15;25667,75;1;ASK;25667,75;25667,75
2025-12-10 01:40:20;25668,75;1;ASK;25668,75;25668,75
2025-12-10 01:40:27;25668,75;1;ASK;25668,75;25668,75
2025-12-10 01:40:28;25668,0;3;ASK;25668,0;25668,0
2025-12-10 01:40:29;25668,75;4;ASK;25668,75;25668,75
2025-12-10 01:40:30;25668,0;5;ASK;25668,0;25668,0
2025-12-10 01:40:31;25668,0;1;ASK;25668,0;25668,0
2025-12-10 01:40:32;25669,0;3;ASK;25669,0;25669,0
2025-12-10 01:40:36;25671,25;32;ASK;25671,25;25671,25
2025-12-10 01:40:37;25669,25;3;ASK;25669,25;25669,25
2025-12-10 01:40:38;25669,25;1;ASK;25669,25;25669,25
2025-12-10 01:40:41;25669,0;2;ASK;25669,0;25669,0
2025-12-10 01:40:48;25670,0;3;ASK;25670,0;25670,0
2025-12-10 01:40:49;25668,75;2;ASK;25668,75;25668,75
2025-12-10 01:40:51;25668,75;2;ASK;25668,75;25668,75
2025-12-10 01:40:53;25668,75;1;ASK;25668,75;25668,75
2025-12-10 01:40:56;25668,75;1;ASK;25668,75;25668,75
2025-12-10 01:41:01;25668,25;3;ASK;25668,25;25668,25
2025-12-10 01:41:02;25668,0;1;ASK;25668,0;25668,0
2025-12-10 01:41:05;25667,0;4;ASK;25667,0;25667,0
2025-12-10 01:41:07;25668,25;6;ASK;25668,25;25668,25
2025-12-10 01:41:08;25668,75;1;ASK;25668,75;25668,75
2025-12-10 01:41:17;25669,0;2;ASK;25669,0;25669,0
2025-12-10 01:41:29;25669,75;1;ASK;25669,75;25669,75
2025-12-10 01:41:31;25670,0;1;ASK;25670,0;25670,0
2025-12-10 01:41:36;25668,75;2;ASK;25668,75;25668,75
2025-12-10 01:41:49;25671,0;15;ASK;25671,0;25671,0
2025-12-10 01:41:51;25670,5;2;ASK;25670,5;25670,5
2025-12-10 01:41:53;25670,0;3;ASK;25670,0;25670,0
2025-12-10 01:41:55;25669,75;1;ASK;25669,75;25669,75
2025-12-10 01:41:58;25670,25;1;ASK;25670,25;25670,25
2025-12-10 01:42:01;25669,5;3;ASK;25669,5;25669,5
2025-12-10 01:42:07;25669,0;4;ASK;25669,0;25669,0
2025-12-10 01:42:10;25668,5;3;ASK;25668,5;25668,5
2025-12-10 01:42:12;25667,25;10;ASK;25667,25;25667,25
2025-12-10 01:42:15;25669,0;10;ASK;25669,0;25669,0
2025-12-10 01:42:17;25668,0;2;ASK;25668,0;25668,0
2025-12-10 01:42:20;25668,0;11;ASK;25668,0;25668,0
2025-12-10 01:42:26;25667,0;1;ASK;25667,0;25667,0
2025-12-10 01:42:29;25668,0;2;ASK;25668,0;25668,0
2025-12-10 01:42:30;25668,0;2;ASK;25668,0;25668,0
2025-12-10 01:42:36;25668,25;1;ASK;25668,25;25668,25
2025-12-10 01:42:57;25669,0;1;ASK;25669,0;25669,0
2025-12-10 01:43:02;25670,0;1;ASK;25670,0;25670,0
2025-12-10 01:43:10;25669,0;3;ASK;25669,0;25669,0
2025-12-10 01:43:20;25668,75;3;ASK;25668,75;25668,75
2025-12-10 01:43:28;25668,75;1;ASK;25668,75;25668,75
2025-12-10 01:43:37;25668,75;1;ASK;25668,75;25668,75
2025-12-10 01:43:53;25670,0;1;ASK;25670,0;25670,0
2025-12-10 01:44:01;25668,75;2;ASK;25668,75;25668,75
2025-12-10 01:44:09;25669,25;1;ASK;25669,25;25669,25
2025-12-10 01:44:11;25669,5;1;ASK;25669,5;25669,5
2025-12-10 01:44:25;25668,75;2;ASK;25668,75;25668,75
2025-12-10 01:44:33;25669,25;1;ASK;25669,25;25669,25
2025-12-10 01:44:52;25670,5;3;ASK;25670,5;25670,5
2025-12-10 01:44:56;25669,5;1;ASK;25669,5;25669,5
2025-12-10 01:45:07;25669,25;1;ASK;25669,25;25669,25
2025-12-10 01:45:09;25668,0;2;ASK;25668,0;25668,0
2025-12-10 01:45:10;25667,75;2;ASK;25667,75;25667,75
2025-12-10 01:45:14;25666,75;2;ASK;25666,75;25666,75
2025-12-10 01:45:17;25667,25;1;ASK;25667,25;25667,25
2025-12-10 01:45:21;25666,75;6;ASK;25666,75;25666,75
2025-12-10 01:45:23;25665,5;4;ASK;25665,5;25665,5
2025-12-10 01:45:24;25667,0;2;ASK;25667,0;25667,0
2025-12-10 01:45:25;25666,25;3;ASK;25666,25;25666,25
2025-12-10 01:45:28;25666,5;2;ASK;25666,5;25666,5
2025-12-10 01:45:29;25666,75;2;ASK;25666,75;25666,75
2025-12-10 01:45:35;25667,0;3;ASK;25667,0;25667,0
2025-12-10 01:45:36;25667,75;5;ASK;25667,75;25667,75
2025-12-10 01:45:40;25667,25;1;ASK;25667,25;25667,25
2025-12-10 01:45:41;25667,5;1;ASK;25667,5;25667,5
2025-12-10 01:45:44;25667,25;1;ASK;25667,25;25667,25
2025-12-10 01:45:46;25667,5;3;ASK;25667,5;25667,5
2025-12-10 01:45:48;25667,25;1;ASK;25667,25;25667,25
2025-12-10 01:45:49;25666,5;1;ASK;25666,5;25666,5
2025-12-10 01:45:51;25666,5;1;ASK;25666,5;25666,5
2025-12-10 01:45:54;25665,5;4;ASK;25665,5;25665,5
2025-12-10 01:45:56;25665,5;2;ASK;25665,5;25665,5
2025-12-10 01:46:03;25665,75;1;ASK;25665,75;25665,75
2025-12-10 01:46:04;25666,0;1;ASK;25666,0;25666,0
2025-12-10 01:46:05;25665,75;1;ASK;25665,75;25665,75
2025-12-10 01:46:06;25665,0;5;ASK;25665,0;25665,0
2025-12-10 01:46:07;25663,75;13;ASK;25663,75;25663,75
2025-12-10 01:46:08;25664,0;1;ASK;25664,0;25664,0
2025-12-10 01:46:10;25661,5;37;ASK;25661,5;25661,5
2025-12-10 01:46:11;25661,5;4;ASK;25661,5;25661,5
2025-12-10 01:46:14;25662,25;4;ASK;25662,25;25662,25
2025-12-10 01:46:15;25663,0;9;ASK;25663,0;25663,0
2025-12-10 01:46:16;25662,25;1;ASK;25662,25;25662,25
2025-12-10 01:46:17;25662,75;1;ASK;25662,75;25662,75
2025-12-10 01:46:18;25661,5;4;ASK;25661,5;25661,5
2025-12-10 01:46:19;25661,5;19;ASK;25661,5;25661,5
2025-12-10 01:46:20;25660,5;2;ASK;25660,5;25660,5
2025-12-10 01:46:22;25661,25;2;ASK;25661,25;25661,25
2025-12-10 01:46:23;25661,5;1;ASK;25661,5;25661,5
2025-12-10 01:46:24;25662,0;2;ASK;25662,0;25662,0
2025-12-10 01:46:25;25662,5;4;ASK;25662,5;25662,5
2025-12-10 01:46:26;25662,75;1;ASK;25662,75;25662,75
2025-12-10 01:46:28;25662,5;1;ASK;25662,5;25662,5
2025-12-10 01:46:29;25661,5;2;ASK;25661,5;25661,5
2025-12-10 01:46:33;25660,0;9;ASK;25660,0;25660,0
2025-12-10 01:46:34;25660,25;2;ASK;25660,25;25660,25
2025-12-10 01:46:35;25660,0;6;ASK;25660,0;25660,0
2025-12-10 01:46:36;25660,5;23;ASK;25660,5;25660,5
2025-12-10 01:46:37;25659,25;6;ASK;25659,25;25659,25
2025-12-10 01:46:39;25660,0;1;ASK;25660,0;25660,0
2025-12-10 01:46:41;25659,75;6;ASK;25659,75;25659,75
2025-12-10 01:46:42;25659,75;2;ASK;25659,75;25659,75
2025-12-10 01:46:45;25659,25;1;ASK;25659,25;25659,25
2025-12-10 01:46:50;25659,75;2;ASK;25659,75;25659,75
2025-12-10 01:46:52;25658,75;3;ASK;25658,75;25658,75
2025-12-10 01:46:53;25657,75;17;ASK;25657,75;25657,75
2025-12-10 01:46:54;25658,5;11;ASK;25658,5;25658,5
2025-12-10 01:46:55;25658,75;1;ASK;25658,75;25658,75
2025-12-10 01:46:56;25658,5;5;ASK;25658,5;25658,5
2025-12-10 01:46:57;25659,25;5;ASK;25659,25;25659,25
2025-12-10 01:46:58;25657,5;8;ASK;25657,5;25657,5
2025-12-10 01:47:01;25658,0;3;ASK;25658,0;25658,0
2025-12-10 01:47:10;25659,75;2;ASK;25659,75;25659,75
2025-12-10 01:47:17;25658,75;8;ASK;25658,75;25658,75
2025-12-10 01:47:18;25660,0;10;ASK;25660,0;25660,0
2025-12-10 01:47:22;25659,5;4;ASK;25659,5;25659,5
2025-12-10 01:47:26;25659,75;1;ASK;25659,75;25659,75
2025-12-10 01:47:27;25659,75;1;ASK;25659,75;25659,75
2025-12-10 01:47:30;25660,75;1;ASK;25660,75;25660,75
2025-12-10 01:47:32;25661,0;5;ASK;25661,0;25661,0
2025-12-10 01:47:35;25660,75;2;ASK;25660,75;25660,75
2025-12-10 01:47:37;25660,0;2;ASK;25660,0;25660,0
2025-12-10 01:47:41;25661,0;1;ASK;25661,0;25661,0
2025-12-10 01:47:42;25661,5;2;ASK;25661,5;25661,5
2025-12-10 01:47:44;25661,5;1;ASK;25661,5;25661,5
2025-12-10 01:47:45;25660,75;2;ASK;25660,75;25660,75
2025-12-10 01:47:48;25661,0;1;ASK;25661,0;25661,0
2025-12-10 01:47:51;25660,25;1;ASK;25660,25;25660,25
2025-12-10 01:47:54;25661,0;1;ASK;25661,0;25661,0
2025-12-10 01:47:55;25661,5;1;ASK;25661,5;25661,5
2025-12-10 01:47:59;25660,75;1;ASK;25660,75;25660,75
2025-12-10 01:48:01;25660,25;1;ASK;25660,25;25660,25
2025-12-10 01:48:02;25660,75;1;ASK;25660,75;25660,75
2025-12-10 01:48:03;25660,75;4;ASK;25660,75;25660,75
2025-12-10 01:48:05;25662,0;1;ASK;25662,0;25662,0
2025-12-10 01:48:07;25661,5;4;ASK;25661,5;25661,5
2025-12-10 01:48:09;25661,75;1;ASK;25661,75;25661,75
2025-12-10 01:48:10;25661,25;2;ASK;25661,25;25661,25
2025-12-10 01:48:18;25663,25;4;ASK;25663,25;25663,25
2025-12-10 01:48:20;25661,75;4;ASK;25661,75;25661,75
2025-12-10 01:48:23;25661,75;1;ASK;25661,75;25661,75
2025-12-10 01:48:25;25662,0;3;ASK;25662,0;25662,0
2025-12-10 01:48:28;25662,0;1;ASK;25662,0;25662,0
2025-12-10 01:48:32;25663,0;1;ASK;25663,0;25663,0
2025-12-10 01:48:35;25662,75;1;ASK;25662,75;25662,75
2025-12-10 01:48:37;25662,75;1;ASK;25662,75;25662,75
2025-12-10 01:48:39;25662,25;1;ASK;25662,25;25662,25
2025-12-10 01:48:43;25662,0;5;ASK;25662,0;25662,0
2025-12-10 01:48:50;25661,25;1;ASK;25661,25;25661,25
2025-12-10 01:48:51;25660,5;2;ASK;25660,5;25660,5
2025-12-10 01:48:58;25660,0;1;ASK;25660,0;25660,0
2025-12-10 01:49:02;25660,0;1;ASK;25660,0;25660,0
2025-12-10 01:49:08;25660,25;1;ASK;25660,25;25660,25
2025-12-10 01:49:20;25659,75;2;ASK;25659,75;25659,75
2025-12-10 01:49:24;25661,0;1;ASK;25661,0;25661,0
2025-12-10 01:49:29;25659,5;1;ASK;25659,5;25659,5
2025-12-10 01:49:30;25659,25;1;ASK;25659,25;25659,25
2025-12-10 01:49:32;25659,0;5;ASK;25659,0;25659,0
2025-12-10 01:49:34;25660,5;1;ASK;25660,5;25660,5
2025-12-10 01:49:35;25660,25;2;ASK;25660,25;25660,25
2025-12-10 01:49:40;25660,0;4;ASK;25660,0;25660,0
2025-12-10 01:49:42;25660,5;2;ASK;25660,5;25660,5
2025-12-10 01:49:50;25660,25;1;ASK;25660,25;25660,25
2025-12-10 01:49:57;25660,0;1;ASK;25660,0;25660,0
2025-12-10 01:50:06;25659,75;1;ASK;25659,75;25659,75
2025-12-10 01:50:07;25659,0;4;ASK;25659,0;25659,0
2025-12-10 01:50:11;25658,25;10;ASK;25658,25;25658,25
2025-12-10 01:50:12;25659,0;2;ASK;25659,0;25659,0
2025-12-10 01:50:13;25658,0;3;ASK;25658,0;25658,0
2025-12-10 01:50:16;25658,0;3;ASK;25658,0;25658,0
2025-12-10 01:50:17;25658,0;1;ASK;25658,0;25658,0
2025-12-10 01:50:19;25657,0;4;ASK;25657,0;25657,0
2025-12-10 01:50:21;25656,75;5;ASK;25656,75;25656,75
2025-12-10 01:50:22;25657,5;2;ASK;25657,5;25657,5
2025-12-10 01:50:23;25657,0;20;ASK;25657,0;25657,0
2025-12-10 01:50:24;25657,75;1;ASK;25657,75;25657,75
2025-12-10 01:50:25;25657,0;4;ASK;25657,0;25657,0
2025-12-10 01:50:26;25656,5;5;ASK;25656,5;25656,5
2025-12-10 01:50:27;25655,75;5;ASK;25655,75;25655,75
2025-12-10 01:50:31;25657,75;2;ASK;25657,75;25657,75
2025-12-10 01:50:33;25658,0;2;ASK;25658,0;25658,0
2025-12-10 01:50:35;25657,25;1;ASK;25657,25;25657,25
2025-12-10 01:50:36;25657,25;4;ASK;25657,25;25657,25
2025-12-10 01:50:44;25657,75;2;ASK;25657,75;25657,75
2025-12-10 01:50:46;25657,0;3;ASK;25657,0;25657,0
2025-12-10 01:50:49;25656,0;7;ASK;25656,0;25656,0
