timestamp;price;volume;lado;bid;ask
2025-12-09 00:00:00.023;25713,0;16;BID;25711,25;25715,25
2025-12-09 00:00:00.023;25712,0;1;BID;25711,25;25715,25
2025-12-09 00:00:00.023;25712,25;1;BID;25711,25;25715,25
2025-12-09 00:00:00.023;25713,5;1;ASK;25711,25;25715,25
2025-12-09 00:00:00.023;25713,5;1;ASK;25711,25;25715,25
2025-12-09 00:00:00.023;25713,75;1;ASK;25711,25;25715,25
2025-12-09 00:00:00.024;25714,5;1;ASK;25711,25;25715,25
2025-12-09 00:00:00.024;25715,0;1;ASK;25711,25;25715,25
2025-12-09 00:00:00.024;25714,0;1;ASK;25711,25;25715,25
2025-12-09 00:00:00.024;25714,0;1;ASK;25711,25;25715,25
2025-12-09 00:00:00.024;25713,5;1;ASK;25711,25;25715,25
2025-12-09 00:00:00.024;25713,5;1;ASK;25711,25;25715,25
2025-12-09 00:00:00.024;25713,75;1;ASK;25711,25;25715,25
2025-12-09 00:00:00.024;25713,75;1;ASK;25711,25;25715,25
2025-12-09 00:00:00.024;25713,75;1;ASK;25711,25;25715,25
2025-12-09 00:00:00.032;25714,25;1;ASK;25711,25;25715,25
2025-12-09 00:00:00.032;25713,5;1;ASK;25711,25;25715,25
2025-12-09 00:00:00.032;25713,75;1;ASK;25711,25;25715,25
2025-12-09 00:00:00.036;25713,5;1;ASK;25711,25;25715,25
2025-12-09 00:00:00.040;25711,25;1;BID;25711,25;25715,25
2025-12-09 00:00:00.040;25713,5;1;ASK;25711,25;25715,25
2025-12-09 00:00:00.048;25712,75;1;BID;25711,25;25715,25
2025-12-09 00:00:00.048;25712,75;1;BID;25711,25;25715,25
2025-12-09 00:00:00.048;25712,75;1;BID;25711,25;25715,25
2025-12-09 00:00:00.048;25712,25;1;BID;25711,25;25715,25
2025-12-09 00:00:00.048;25712,25;1;BID;25711,25;25715,25
2025-12-09 00:00:00.056;25712,5;1;BID;25711,25;25715,25
2025-12-09 00:00:00.056;25712,5;1;BID;25711,25;25715,25
2025-12-09 00:00:00.056;25712,25;1;BID;25711,25;25715,25
2025-12-09 00:00:00.056;25712,25;1;BID;25711,25;25715,25
2025-12-09 00:00:00.060;25710,0;1;BID;25711,25;25715,25
2025-12-09 00:00:00.072;25710,5;1;BID;25711,25;25715,25
2025-12-09 00:00:00.072;25710,0;1;BID;25711,25;25715,25
2025-12-09 00:00:00.072;25710,0;2;BID;25711,25;25715,25
2025-12-09 00:00:00.072;25710,0;1;BID;25711,25;25715,25
2025-12-09 00:00:00.104;25708,75;1;BID;25711,25;25715,25
2025-12-09 00:00:00.104;25708,75;1;BID;25711,25;25715,25
2025-12-09 00:00:00.104;25707,0;1;BID;25711,25;25715,25
2025-12-09 00:00:00.104;25707,0;1;BID;25711,25;25715,25
2025-12-09 00:00:00.104;25707,0;1;BID;25711,25;25715,25
2025-12-09 00:00:00.104;25707,0;1;BID;25711,25;25715,25
2025-12-09 00:00:00.104;25707,0;1;BID;25711,25;25715,25
2025-12-09 00:00:00.104;25707,0;1;BID;25711,25;25715,25
2025-12-09 00:00:00.108;25706,75;1;BID;25711,25;25715,25
2025-12-09 00:00:00.108;25706,75;1;BID;25711,25;25715,25
2025-12-09 00:00:00.200;25707,5;1;BID;25711,25;25715,25
2025-12-09 00:00:00.216;25709,5;1;BID;25711,25;25715,25
2025-12-09 00:00:00.216;25710,25;1;BID;25711,25;25715,25
2025-12-09 00:00:00.268;25711,0;1;BID;25711,25;25715,25
2025-12-09 00:00:00.268;25711,25;1;BID;25711,25;25715,25
2025-12-09 00:00:00.292;25713,0;1;BID;25711,25;25715,25
2025-12-09 00:00:00.308;25712,75;1;BID;25711,25;25715,25
2025-12-09 00:00:00.308;25713,25;1;ASK;25711,25;25715,25
2025-12-09 00:00:00.320;25714,5;1;ASK;25711,25;25715,25
2025-12-09 00:00:00.320;25714,5;1;ASK;25711,25;25715,25
2025-12-09 00:00:00.320;25715,5;1;ASK;25711,25;25715,25
2025-12-09 00:00:00.320;25715,5;1;ASK;25711,25;25715,25
2025-12-09 00:00:00.320;25716,0;2;ASK;25711,25;25715,25
2025-12-09 00:00:00.364;25711,25;1;BID;25711,25;25715,25
2025-12-09 00:00:00.376;25713,0;1;BID;25711,25;25715,25
2025-12-09 00:00:00.376;25708,75;1;BID;25711,25;25715,25
2025-12-09 00:00:00.376;25708,75;1;BID;25711,25;25715,25
2025-12-09 00:00:00.376;25706,5;2;BID;25711,25;25715,25
2025-12-09 00:00:00.376;25706,5;1;BID;25711,25;25715,25
2025-12-09 00:00:00.376;25706,0;1;BID;25711,25;25715,25
2025-12-09 00:00:00.380;25709,5;1;BID;25711,25;25715,25
2025-12-09 00:00:00.536;25709,75;1;BID;25711,25;25715,25
2025-12-09 00:00:00.608;25709,75;1;BID;25711,25;25715,25
2025-12-09 00:00:00.692;25711,75;1;BID;25711,25;25715,25
2025-12-09 00:00:00.692;25707,5;1;BID;25711,25;25715,25
2025-12-09 00:00:00.692;25707,5;1;BID;25711,25;25715,25
2025-12-09 00:00:00.720;25710,25;1;BID;25711,25;25715,25
2025-12-09 00:00:00.728;25710,25;1;BID;25711,25;25715,25
2025-12-09 00:00:00.732;25712,25;1;BID;25711,25;25715,25
2025-12-09 00:00:00.744;25710,25;1;BID;25711,25;25715,25
2025-12-09 00:00:00.760;25712,5;1;BID;25711,25;25715,25
2025-12-09 00:00:00.800;25710,5;1;BID;25711,25;25715,25
2025-12-09 00:00:00.816;25713,0;1;BID;25711,25;25715,25
2025-12-09 00:00:00.816;25713,0;1;BID;25711,25;25715,25
2025-12-09 00:00:00.840;25714,25;1;ASK;25711,25;25715,25
2025-12-09 00:00:00.856;25714,25;1;ASK;25711,25;25715,25
2025-12-09 00:00:00.956;25710,25;1;BID;25711,25;25715,25
2025-12-09 00:00:00.984;25715,0;1;ASK;25711,25;25715,25
2025-12-09 00:00:01.008;25712,75;1;BID;25712,75;25714,75
2025-12-09 00:00:01.008;25712,25;2;BID;25712,75;25714,75
2025-12-09 00:00:01.016;25712,25;1;BID;25712,75;25714,75
2025-12-09 00:00:01.036;25711,75;1;BID;25712,75;25714,75
2025-12-09 00:00:01.060;25712,5;1;BID;25712,75;25714,75
2025-12-09 00:00:01.156;25713,0;1;BID;25712,75;25714,75
2025-12-09 00:00:01.248;25708,5;2;BID;25712,75;25714,75
2025-12-09 00:00:01.304;25713,0;1;BID;25712,75;25714,75
2025-12-09 00:00:01.304;25713,0;1;BID;25712,75;25714,75
2025-12-09 00:00:01.404;25711,25;1;BID;25712,75;25714,75
2025-12-09 00:00:01.476;25709,25;1;BID;25712,75;25714,75
2025-12-09 00:00:01.476;25709,25;1;BID;25712,75;25714,75
2025-12-09 00:00:01.560;25713,5;2;BID;25712,75;25714,75
2025-12-09 00:00:01.696;25713,25;1;BID;25712,75;25714,75
2025-12-09 00:00:01.696;25713,25;1;BID;25712,75;25714,75
2025-12-09 00:00:01.696;25713,25;1;BID;25712,75;25714,75
2025-12-09 00:00:01.708;25712,0;1;BID;25712,75;25714,75
2025-12-09 00:00:01.736;25713,75;1;ASK;25712,75;25714,75
2025-12-09 00:00:01.760;25714,5;1;ASK;25712,75;25714,75
2025-12-09 00:00:01.956;25713,0;1;BID;25712,75;25714,75
2025-12-09 00:00:02.008;25715,75;1;ASK;25710,75;25713,25
2025-12-09 00:00:02.012;25714,5;1;ASK;25710,75;25713,25
2025-12-09 00:00:02.012;25713,0;1;ASK;25710,75;25713,25
2025-12-09 00:00:02.052;25713,5;2;ASK;25710,75;25713,25
2025-12-09 00:00:02.052;25713,5;1;ASK;25710,75;25713,25
2025-12-09 00:00:02.060;25714,5;1;ASK;25710,75;25713,25
2025-12-09 00:00:02.064;25715,0;1;ASK;25710,75;25713,25
2025-12-09 00:00:02.064;25715,0;1;ASK;25710,75;25713,25
2025-12-09 00:00:02.064;25715,25;1;ASK;25710,75;25713,25
2025-12-09 00:00:02.112;25715,75;1;ASK;25710,75;25713,25
2025-12-09 00:00:02.120;25713,0;1;ASK;25710,75;25713,25
2025-12-09 00:00:02.152;25714,75;1;ASK;25710,75;25713,25
2025-12-09 00:00:02.152;25715,0;1;ASK;25710,75;25713,25
2025-12-09 00:00:02.152;25715,5;1;ASK;25710,75;25713,25
2025-12-09 00:00:02.152;25716,0;2;ASK;25710,75;25713,25
2025-12-09 00:00:02.504;25712,5;1;ASK;25710,75;25713,25
2025-12-09 00:00:02.620;25712,5;1;ASK;25710,75;25713,25
2025-12-09 00:00:02.620;25712,25;1;ASK;25710,75;25713,25
2025-12-09 00:00:02.620;25712,0;1;ASK;25710,75;25713,25
2025-12-09 00:00:02.652;25710,5;1;BID;25710,75;25713,25
2025-12-09 00:00:02.720;25710,0;1;BID;25710,75;25713,25
2025-12-09 00:00:03.004;25711,0;1;BID;25710,25;25712,25
2025-12-09 00:00:03.620;25711,25;1;ASK;25710,25;25712,25
2025-12-09 00:00:03.628;25710,25;1;BID;25710,25;25712,25
2025-12-09 00:00:04.004;25712,25;1;ASK;25711,0;25712,0
2025-12-09 00:00:04.568;25710,75;1;BID;25711,0;25712,0
2025-12-09 00:00:04.568;25710,5;1;BID;25711,0;25712,0
2025-12-09 00:00:04.568;25709,75;1;BID;25711,0;25712,0
2025-12-09 00:00:04.568;25710,0;2;BID;25711,0;25712,0
2025-12-09 00:00:04.588;25709,75;1;BID;25711,0;25712,0
2025-12-09 00:00:04.684;25710,0;2;BID;25711,0;25712,0
2025-12-09 00:00:04.756;25710,0;4;BID;25711,0;25712,0
2025-12-09 00:00:04.756;25710,0;1;BID;25711,0;25712,0
2025-12-09 00:00:05.144;25712,0;1;ASK;25707,5;25709,25
2025-12-09 00:00:05.156;25711,25;1;ASK;25707,5;25709,25
2025-12-09 00:00:05.156;25711,25;1;ASK;25707,5;25709,25
2025-12-09 00:00:05.156;25711,0;1;ASK;25707,5;25709,25
2025-12-09 00:00:05.156;25711,0;1;ASK;25707,5;25709,25
2025-12-09 00:00:05.156;25710,0;1;ASK;25707,5;25709,25
2025-12-09 00:00:05.156;25709,5;1;ASK;25707,5;25709,25
2025-12-09 00:00:05.248;25709,25;1;ASK;25707,5;25709,25
2025-12-09 00:00:05.464;25709,25;1;ASK;25707,5;25709,25
2025-12-09 00:00:05.500;25710,75;1;ASK;25707,5;25709,25
2025-12-09 00:00:05.500;25710,75;1;ASK;25707,5;25709,25
2025-12-09 00:00:05.680;25710,75;1;ASK;25707,5;25709,25
2025-12-09 00:00:05.820;25709,5;1;ASK;25707,5;25709,25
2025-12-09 00:00:05.820;25709,25;1;ASK;25707,5;25709,25
2025-12-09 00:00:05.820;25708,75;1;ASK;25707,5;25709,25
2025-12-09 00:00:05.820;25708,5;1;ASK;25707,5;25709,25
2025-12-09 00:00:05.820;25706,5;1;BID;25707,5;25709,25
2025-12-09 00:00:05.820;25706,0;1;BID;25707,5;25709,25
2025-12-09 00:00:06.196;25709,5;1;BID;25709,25;25711,0
2025-12-09 00:00:06.196;25709,5;2;BID;25709,25;25711,0
2025-12-09 00:00:06.432;25709,75;1;BID;25709,25;25711,0
2025-12-09 00:00:06.452;25709,75;1;BID;25709,25;25711,0
2025-12-09 00:00:07.520;25709,25;1;ASK;25707,5;25708,5
2025-12-09 00:00:07.520;25709,25;1;ASK;25707,5;25708,5
2025-12-09 00:00:08.088;25707,5;1;BID;25708,75;25709,75
2025-12-09 00:00:08.088;25707,25;1;BID;25708,75;25709,75
2025-12-09 00:00:08.088;25707,25;1;BID;25708,75;25709,75
2025-12-09 00:00:08.260;25707,0;1;BID;25708,75;25709,75
2025-12-09 00:00:08.260;25707,0;1;BID;25708,75;25709,75
2025-12-09 00:00:08.312;25708,0;1;BID;25708,75;25709,75
2025-12-09 00:00:08.312;25708,0;1;BID;25708,75;25709,75
2025-12-09 00:00:08.312;25708,0;2;BID;25708,75;25709,75
2025-12-09 00:00:08.588;25708,75;1;BID;25708,75;25709,75
2025-12-09 00:00:08.600;25708,5;1;BID;25708,75;25709,75
2025-12-09 00:00:09.144;25708,75;1;BID;25709,0;25710,5
2025-12-09 00:00:09.304;25710,0;1;ASK;25709,0;25710,5
2025-12-09 00:00:09.712;25708,75;1;BID;25709,0;25710,5
2025-12-09 00:00:09.736;25710,25;1;ASK;25709,0;25710,5
2025-12-09 00:00:10.112;25709,0;1;BID;25708,75;25710,25
2025-12-09 00:00:11.236;25708,75;1;ASK;25706,25;25707,5
2025-12-09 00:00:11.520;25708,75;1;ASK;25706,25;25707,5
2025-12-09 00:00:11.520;25708,75;1;ASK;25706,25;25707,5
2025-12-09 00:00:11.520;25708,75;1;ASK;25706,25;25707,5
2025-12-09 00:00:11.520;25708,25;1;ASK;25706,25;25707,5
2025-12-09 00:00:11.728;25706,75;1;BID;25706,25;25707,5
2025-12-09 00:00:12.144;25706,25;1;BID;25706,0;25707,0
2025-12-09 00:00:12.604;25706,25;1;BID;25706,0;25707,0
2025-12-09 00:00:12.660;25706,75;1;ASK;25706,0;25707,0
2025-12-09 00:00:12.904;25707,0;1;ASK;25706,0;25707,0
2025-12-09 00:00:12.980;25706,25;1;BID;25706,0;25707,0
2025-12-09 00:00:13.860;25707,0;1;BID;25707,25;25708,25
2025-12-09 00:00:13.900;25707,0;1;BID;25707,25;25708,25
2025-12-09 00:00:13.900;25707,0;1;BID;25707,25;25708,25
2025-12-09 00:00:13.912;25707,5;1;BID;25707,25;25708,25
2025-12-09 00:00:14.684;25708,0;1;ASK;25706,25;25707,5
2025-12-09 00:00:14.692;25707,25;1;ASK;25706,25;25707,5
2025-12-09 00:00:14.916;25706,75;1;BID;25706,25;25707,5
2025-12-09 00:00:15.056;25706,25;1;BID;25707,0;25708,25
2025-12-09 00:00:15.212;25707,5;1;BID;25707,0;25708,25
2025-12-09 00:00:15.432;25706,5;1;BID;25707,0;25708,25
2025-12-09 00:00:15.432;25706,5;1;BID;25707,0;25708,25
2025-12-09 00:00:15.432;25706,25;1;BID;25707,0;25708,25
2025-12-09 00:00:15.432;25706,0;1;BID;25707,0;25708,25
2025-12-09 00:00:15.432;25706,0;1;BID;25707,0;25708,25
2025-12-09 00:00:15.452;25706,25;1;BID;25707,0;25708,25
2025-12-09 00:00:15.460;25706,5;2;BID;25707,0;25708,25
2025-12-09 00:00:17.524;25707,25;1;BID;25707,5;25708,5
2025-12-09 00:00:18.140;25707,5;1;ASK;25706,75;25708,0
2025-12-09 00:00:18.296;25707,5;1;ASK;25706,75;25708,0
2025-12-09 00:00:18.296;25707,5;1;ASK;25706,75;25708,0
2025-12-09 00:00:19.152;25708,0;1;ASK;25706,5;25707,25
2025-12-09 00:00:20.212;25706,5;1;ASK;25706,0;25707,0
2025-12-09 00:00:20.212;25706,5;1;ASK;25706,0;25707,0
2025-12-09 00:00:21.084;25705,5;1;BID;25705,0;25706,25
2025-12-09 00:00:21.088;25705,75;1;ASK;25705,0;25706,25
2025-12-09 00:00:21.088;25705,75;1;ASK;25705,0;25706,25
2025-12-09 00:00:21.100;25705,0;2;BID;25705,0;25706,25
2025-12-09 00:00:21.100;25705,0;1;BID;25705,0;25706,25
2025-12-09 00:00:21.100;25705,0;1;BID;25705,0;25706,25
2025-12-09 00:00:21.688;25705,0;1;BID;25705,0;25706,25
2025-12-09 00:00:21.688;25704,75;1;BID;25705,0;25706,25
2025-12-09 00:00:21.688;25704,5;1;BID;25705,0;25706,25
2025-12-09 00:00:21.688;25704,25;1;BID;25705,0;25706,25
2025-12-09 00:00:21.692;25705,5;1;BID;25705,0;25706,25
2025-12-09 00:00:21.692;25705,75;1;ASK;25705,0;25706,25
2025-12-09 00:00:21.692;25705,75;1;ASK;25705,0;25706,25
2025-12-09 00:00:21.692;25705,75;1;ASK;25705,0;25706,25
2025-12-09 00:00:21.828;25706,25;1;ASK;25705,0;25706,25
2025-12-09 00:00:21.944;25705,25;1;BID;25705,0;25706,25
2025-12-09 00:00:23.340;25705,0;1;ASK;25703,75;25705,0
2025-12-09 00:00:23.340;25704,75;1;ASK;25703,75;25705,0
2025-12-09 00:00:23.340;25704,5;1;ASK;25703,75;25705,0
2025-12-09 00:00:23.340;25704,75;1;ASK;25703,75;25705,0
2025-12-09 00:00:23.340;25704,75;1;ASK;25703,75;25705,0
2025-12-09 00:00:24.228;25703,75;1;ASK;25703,0;25704,0
2025-12-09 00:00:24.260;25705,0;1;ASK;25703,0;25704,0
2025-12-09 00:00:24.264;25704,75;1;ASK;25703,0;25704,0
2025-12-09 00:00:24.272;25703,75;1;ASK;25703,0;25704,0
2025-12-09 00:00:24.740;25703,75;1;ASK;25703,0;25704,0
2025-12-09 00:00:24.756;25703,75;1;ASK;25703,0;25704,0
2025-12-09 00:00:24.804;25703,75;1;ASK;25703,0;25704,0
2025-12-09 00:00:25.136;25704,0;1;ASK;25702,75;25704,0
2025-12-09 00:00:25.136;25704,0;2;ASK;25702,75;25704,0
2025-12-09 00:00:25.220;25704,25;1;ASK;25702,75;25704,0
2025-12-09 00:00:25.220;25704,25;1;ASK;25702,75;25704,0
2025-12-09 00:00:25.220;25704,75;1;ASK;25702,75;25704,0
2025-12-09 00:00:25.272;25703,75;1;ASK;25702,75;25704,0
2025-12-09 00:00:25.288;25704,5;1;ASK;25702,75;25704,0
2025-12-09 00:00:25.540;25703,75;1;ASK;25702,75;25704,0
2025-12-09 00:00:25.540;25703,75;1;ASK;25702,75;25704,0
2025-12-09 00:00:25.564;25703,75;1;ASK;25702,75;25704,0
2025-12-09 00:00:25.856;25703,25;1;BID;25702,75;25704,0
2025-12-09 00:00:25.856;25703,5;1;ASK;25702,75;25704,0
2025-12-09 00:00:25.860;25703,0;1;BID;25702,75;25704,0
2025-12-09 00:00:25.876;25703,5;1;ASK;25702,75;25704,0
2025-12-09 00:00:26.004;25702,75;1;ASK;25701,75;25702,75
2025-12-09 00:00:26.072;25702,75;1;ASK;25701,75;25702,75
2025-12-09 00:00:26.112;25702,75;1;ASK;25701,75;25702,75
2025-12-09 00:00:26.112;25702,75;7;ASK;25701,75;25702,75
2025-12-09 00:00:26.112;25703,0;1;ASK;25701,75;25702,75
2025-12-09 00:00:26.112;25702,5;1;ASK;25701,75;25702,75
2025-12-09 00:00:26.128;25702,25;1;ASK;25701,75;25702,75
2025-12-09 00:00:26.128;25702,5;1;ASK;25701,75;25702,75
2025-12-09 00:00:26.184;25702,75;1;ASK;25701,75;25702,75
2025-12-09 00:00:26.184;25702,75;2;ASK;25701,75;25702,75
2025-12-09 00:00:26.188;25703,75;1;ASK;25701,75;25702,75
2025-12-09 00:00:26.188;25703,75;1;ASK;25701,75;25702,75
2025-12-09 00:00:26.188;25703,25;1;ASK;25701,75;25702,75
2025-12-09 00:00:26.220;25703,0;1;ASK;25701,75;25702,75
2025-12-09 00:00:26.220;25703,25;1;ASK;25701,75;25702,75
2025-12-09 00:00:26.220;25702,75;1;ASK;25701,75;25702,75
2025-12-09 00:00:26.220;25702,75;1;ASK;25701,75;25702,75
2025-12-09 00:00:26.568;25701,75;1;BID;25701,75;25702,75
2025-12-09 00:00:26.568;25701,5;1;BID;25701,75;25702,75
2025-12-09 00:00:26.572;25701,5;1;BID;25701,75;25702,75
2025-12-09 00:00:27.272;25703,25;1;ASK;25702,5;25703,5
2025-12-09 00:00:27.492;25703,5;1;ASK;25702,5;25703,5
2025-12-09 00:00:28.120;25703,25;1;BID;25703,0;25704,0
2025-12-09 00:00:29.104;25703,25;1;ASK;25702,5;25703,5
2025-12-09 00:00:29.104;25703,0;1;ASK;25702,5;25703,5
2025-12-09 00:00:29.440;25703,75;1;ASK;25702,5;25703,5
2025-12-09 00:00:30.756;25703,75;1;BID;25703,5;25704,5
2025-12-09 00:00:30.860;25704,5;1;ASK;25703,5;25704,5
2025-12-09 00:00:32.200;25704,25;1;BID;25704,0;25705,25
2025-12-09 00:00:34.648;25704,25;1;BID;25704,0;25704,75
2025-12-09 00:00:35.100;25704,5;1;ASK;25703,25;25704,0
2025-12-09 00:00:35.456;25704,0;1;ASK;25703,25;25704,0
2025-12-09 00:00:35.460;25703,25;1;BID;25703,25;25704,0
2025-12-09 00:00:35.460;25702,75;1;BID;25703,25;25704,0
2025-12-09 00:00:35.480;25702,75;1;BID;25703,25;25704,0
2025-12-09 00:00:35.480;25703,0;1;BID;25703,25;25704,0
2025-12-09 00:00:35.480;25703,0;1;BID;25703,25;25704,0
2025-12-09 00:00:35.516;25703,5;1;BID;25703,25;25704,0
2025-12-09 00:00:35.516;25703,5;1;BID;25703,25;25704,0
2025-12-09 00:00:35.516;25703,5;1;BID;25703,25;25704,0
2025-12-09 00:00:35.776;25704,25;1;ASK;25703,25;25704,0
2025-12-09 00:00:35.800;25704,5;1;ASK;25703,25;25704,0
2025-12-09 00:00:36.028;25703,25;1;ASK;25702,5;25703,5
2025-12-09 00:00:36.268;25702,75;1;BID;25702,5;25703,5
2025-12-09 00:00:36.284;25702,5;1;BID;25702,5;25703,5
2025-12-09 00:00:36.284;25702,75;1;BID;25702,5;25703,5
2025-12-09 00:00:36.284;25702,5;1;BID;25702,5;25703,5
2025-12-09 00:00:36.284;25702,75;1;BID;25702,5;25703,5
2025-12-09 00:00:36.284;25702,75;1;BID;25702,5;25703,5
2025-12-09 00:00:37.580;25703,25;1;BID;25703,75;25704,75
2025-12-09 00:00:38.036;25704,25;1;ASK;25702,5;25703,5
2025-12-09 00:00:38.160;25703,5;1;ASK;25702,5;25703,5
2025-12-09 00:00:38.160;25703,25;1;ASK;25702,5;25703,5
2025-12-09 00:00:38.160;25702,5;1;BID;25702,5;25703,5
2025-12-09 00:00:38.160;25702,5;1;BID;25702,5;25703,5
2025-12-09 00:00:38.160;25702,25;1;BID;25702,5;25703,5
2025-12-09 00:00:38.188;25702,0;1;BID;25702,5;25703,5
2025-12-09 00:00:38.188;25702,0;1;BID;25702,5;25703,5
2025-12-09 00:00:38.188;25701,75;1;BID;25702,5;25703,5
2025-12-09 00:00:38.256;25702,0;1;BID;25702,5;25703,5
2025-12-09 00:00:38.256;25702,0;1;BID;25702,5;25703,5
2025-12-09 00:00:38.484;25703,25;1;ASK;25702,5;25703,5
2025-12-09 00:00:38.528;25703,25;1;ASK;25702,5;25703,5
2025-12-09 00:00:38.528;25703,0;1;ASK;25702,5;25703,5
2025-12-09 00:00:38.528;25703,0;1;ASK;25702,5;25703,5
2025-12-09 00:00:38.528;25702,75;1;BID;25702,5;25703,5
2025-12-09 00:00:38.528;25702,75;1;BID;25702,5;25703,5
2025-12-09 00:00:39.788;25702,25;1;ASK;25701,75;25702,75
2025-12-09 00:00:40.596;25702,75;1;ASK;25702,25;25703,25
2025-12-09 00:00:40.604;25703,25;1;ASK;25702,25;25703,25
2025-12-09 00:00:40.728;25703,25;1;ASK;25702,25;25703,25
2025-12-09 00:00:40.728;25703,25;1;ASK;25702,25;25703,25
2025-12-09 00:00:40.728;25703,0;1;ASK;25702,25;25703,25
2025-12-09 00:00:40.804;25704,0;1;ASK;25702,25;25703,25
2025-12-09 00:00:41.796;25703,25;1;ASK;25702,5;25703,5
2025-12-09 00:00:42.308;25702,0;1;ASK;25699,75;25700,75
2025-12-09 00:00:42.308;25701,75;1;ASK;25699,75;25700,75
2025-12-09 00:00:42.308;25701,25;1;ASK;25699,75;25700,75
2025-12-09 00:00:42.308;25701,25;1;ASK;25699,75;25700,75
2025-12-09 00:00:42.308;25701,25;1;ASK;25699,75;25700,75
2025-12-09 00:00:42.308;25701,5;1;ASK;25699,75;25700,75
2025-12-09 00:00:42.308;25701,75;1;ASK;25699,75;25700,75
2025-12-09 00:00:42.564;25700,75;1;ASK;25699,75;25700,75
2025-12-09 00:00:42.564;25700,5;1;ASK;25699,75;25700,75
2025-12-09 00:00:42.576;25700,75;1;ASK;25699,75;25700,75
2025-12-09 00:00:42.576;25700,0;1;BID;25699,75;25700,75
2025-12-09 00:00:42.576;25700,0;1;BID;25699,75;25700,75
2025-12-09 00:00:42.576;25700,0;1;BID;25699,75;25700,75
2025-12-09 00:00:42.576;25700,0;1;BID;25699,75;25700,75
2025-12-09 00:00:42.660;25700,75;1;ASK;25699,75;25700,75
2025-12-09 00:00:42.660;25700,0;1;BID;25699,75;25700,75
2025-12-09 00:00:42.660;25700,75;1;ASK;25699,75;25700,75
2025-12-09 00:00:43.272;25699,75;1;BID;25701,75;25702,75
2025-12-09 00:00:43.272;25700,25;1;BID;25701,75;25702,75
2025-12-09 00:00:43.692;25701,0;1;BID;25701,75;25702,75
2025-12-09 00:00:44.276;25701,5;1;ASK;25700,25;25701,25
2025-12-09 00:00:44.640;25701,0;1;ASK;25700,25;25701,25
2025-12-09 00:00:45.116;25701,25;1;BID;25701,25;25702,25
2025-12-09 00:00:45.120;25702,5;1;ASK;25701,25;25702,25
2025-12-09 00:00:45.128;25702,0;1;ASK;25701,25;25702,25
2025-12-09 00:00:45.312;25701,75;1;ASK;25701,25;25702,25
2025-12-09 00:00:45.704;25701,75;1;ASK;25701,25;25702,25
2025-12-09 00:00:48.192;25702,0;1;BID;25701,75;25702,75
2025-12-09 00:00:48.508;25703,0;1;ASK;25701,75;25702,75
2025-12-09 00:00:48.672;25703,0;1;ASK;25701,75;25702,75
2025-12-09 00:00:48.724;25704,0;1;ASK;25701,75;25702,75
2025-12-09 00:00:48.740;25703,25;1;ASK;25701,75;25702,75
2025-12-09 00:00:48.868;25703,0;1;ASK;25701,75;25702,75
2025-12-09 00:00:48.868;25703,0;1;ASK;25701,75;25702,75
2025-12-09 00:00:48.868;25702,75;1;ASK;25701,75;25702,75
2025-12-09 00:00:48.868;25702,5;4;ASK;25701,75;25702,75
2025-12-09 00:00:48.868;25701,75;1;BID;25701,75;25702,75
2025-12-09 00:00:48.868;25701,75;1;BID;25701,75;25702,75
2025-12-09 00:00:48.868;25701,5;1;BID;25701,75;25702,75
2025-12-09 00:00:48.868;25701,5;1;BID;25701,75;25702,75
2025-12-09 00:00:49.484;25701,5;1;BID;25701,5;25702,5
2025-12-09 00:00:49.992;25702,25;1;ASK;25701,5;25702,5
2025-12-09 00:00:50.344;25702,75;1;BID;25702,75;25703,75
2025-12-09 00:00:50.344;25703,0;1;BID;25702,75;25703,75
2025-12-09 00:00:50.344;25703,25;2;ASK;25702,75;25703,75
2025-12-09 00:00:50.344;25703,25;1;ASK;25702,75;25703,75
2025-12-09 00:00:50.356;25702,75;1;BID;25702,75;25703,75
2025-12-09 00:00:50.556;25702,25;1;BID;25702,75;25703,75
2025-12-09 00:00:51.036;25702,75;1;BID;25702,75;25703,75
2025-12-09 00:00:51.036;25702,75;1;BID;25702,75;25703,75
2025-12-09 00:00:51.036;25703,0;1;BID;25702,75;25703,75
2025-12-09 00:00:51.408;25704,0;1;ASK;25702,75;25703,75
2025-12-09 00:00:51.696;25703,75;1;ASK;25702,75;25703,75
2025-12-09 00:00:51.700;25703,25;1;ASK;25702,75;25703,75
2025-12-09 00:00:52.024;25703,75;1;BID;25706,0;25706,5
2025-12-09 00:00:52.024;25704,0;1;BID;25706,0;25706,5
2025-12-09 00:00:52.188;25704,25;1;BID;25706,0;25706,5
2025-12-09 00:00:52.780;25705,75;1;BID;25706,0;25706,5
2025-12-09 00:00:52.876;25706,25;1;ASK;25706,0;25706,5
2025-12-09 00:00:52.876;25706,25;1;ASK;25706,0;25706,5
2025-12-09 00:00:52.876;25706,25;1;ASK;25706,0;25706,5
2025-12-09 00:00:52.876;25706,25;2;ASK;25706,0;25706,5
2025-12-09 00:00:53.008;25706,0;1;ASK;25705,5;25706,5
2025-12-09 00:00:53.664;25705,75;1;BID;25705,5;25706,5
2025-12-09 00:00:53.664;25705,5;1;BID;25705,5;25706,5
2025-12-09 00:00:53.668;25705,5;1;BID;25705,5;25706,5
2025-12-09 00:00:54.184;25706,5;1;ASK;25705,0;25705,75
2025-12-09 00:00:54.228;25705,5;1;ASK;25705,0;25705,75
2025-12-09 00:00:54.228;25705,5;1;ASK;25705,0;25705,75
2025-12-09 00:00:54.696;25706,25;1;ASK;25705,0;25705,75
2025-12-09 00:00:55.064;25705,0;1;BID;25705,0;25706,0
2025-12-09 00:00:55.064;25705,0;1;BID;25705,0;25706,0
2025-12-09 00:00:55.156;25705,0;1;BID;25705,0;25706,0
2025-12-09 00:00:55.604;25705,25;1;BID;25705,0;25706,0
2025-12-09 00:00:55.836;25705,75;1;ASK;25705,0;25706,0
2025-12-09 00:00:56.964;25705,75;1;ASK;25703,0;25704,25
2025-12-09 00:00:56.964;25705,5;1;ASK;25703,0;25704,25
2025-12-09 00:00:56.964;25705,0;1;ASK;25703,0;25704,25
2025-12-09 00:00:57.000;25703,75;1;ASK;25703,0;25704,25
2025-12-09 00:00:58.372;25704,0;1;ASK;25702,75;25703,75
2025-12-09 00:00:59.172;25703,75;1;ASK;25703,0;25703,75
2025-12-09 00:01:00.008;25703,5;1;BID;25705,25;25706,5
2025-12-09 00:01:00.008;25703,5;1;BID;25705,25;25706,5
2025-12-09 00:01:00.008;25703,5;1;BID;25705,25;25706,5
2025-12-09 00:01:00.008;25703,75;1;BID;25705,25;25706,5
2025-12-09 00:01:00.008;25704,25;1;BID;25705,25;25706,5
2025-12-09 00:01:00.056;25705,0;1;BID;25705,25;25706,5
2025-12-09 00:01:00.932;25705,5;1;BID;25705,25;25706,5
2025-12-09 00:01:02.840;25703,0;1;BID;25705,25;25706,25
2025-12-09 00:01:02.880;25704,0;1;BID;25705,25;25706,25
2025-12-09 00:01:02.880;25704,25;1;BID;25705,25;25706,25
2025-12-09 00:01:02.880;25704,25;1;BID;25705,25;25706,25
2025-12-09 00:01:02.880;25704,5;1;BID;25705,25;25706,25
2025-12-09 00:01:02.880;25704,5;1;BID;25705,25;25706,25
2025-12-09 00:01:02.880;25704,75;1;BID;25705,25;25706,25
2025-12-09 00:01:02.880;25704,75;1;BID;25705,25;25706,25
2025-12-09 00:01:02.880;25705,0;1;BID;25705,25;25706,25
2025-12-09 00:01:02.880;25705,0;1;BID;25705,25;25706,25
2025-12-09 00:01:02.880;25705,25;1;BID;25705,25;25706,25
2025-12-09 00:01:02.880;25705,25;2;BID;25705,25;25706,25
2025-12-09 00:01:02.880;25705,25;1;BID;25705,25;25706,25
2025-12-09 00:01:02.880;25705,25;1;BID;25705,25;25706,25
2025-12-09 00:01:02.880;25705,25;1;BID;25705,25;25706,25
2025-12-09 00:01:03.316;25706,5;1;BID;25706,5;25707,25
2025-12-09 00:01:03.316;25706,75;1;BID;25706,5;25707,25
2025-12-09 00:01:03.316;25707,0;1;ASK;25706,5;25707,25
2025-12-09 00:01:03.344;25706,25;1;BID;25706,5;25707,25
2025-12-09 00:01:03.488;25706,75;1;BID;25706,5;25707,25
2025-12-09 00:01:03.688;25706,75;1;BID;25706,5;25707,25
2025-12-09 00:01:04.024;25707,25;1;BID;25707,25;25708,25
2025-12-09 00:01:04.112;25707,25;1;BID;25707,25;25708,25
2025-12-09 00:01:04.336;25707,75;1;ASK;25707,25;25708,25
2025-12-09 00:01:04.336;25707,75;1;ASK;25707,25;25708,25
2025-12-09 00:01:04.336;25708,0;1;ASK;25707,25;25708,25
2025-12-09 00:01:04.572;25707,25;1;BID;25707,25;25708,25
2025-12-09 00:01:04.968;25708,0;1;ASK;25707,25;25708,25
2025-12-09 00:01:04.968;25708,0;1;ASK;25707,25;25708,25
2025-12-09 00:01:05.080;25707,75;1;ASK;25707,25;25708,25
2025-12-09 00:01:05.080;25707,5;1;BID;25707,25;25708,25
2025-12-09 00:01:05.080;25707,25;1;BID;25707,25;25708,25
2025-12-09 00:01:05.200;25707,5;1;BID;25707,25;25708,25
2025-12-09 00:01:06.096;25707,5;1;BID;25707,25;25708,25
2025-12-09 00:01:06.568;25708,75;1;ASK;25707,25;25708,25
2025-12-09 00:01:06.856;25707,75;1;ASK;25707,25;25708,25
2025-12-09 00:01:06.920;25708,0;1;ASK;25707,25;25708,25
2025-12-09 00:01:07.604;25708,5;1;BID;25709,0;25710,0
2025-12-09 00:01:07.604;25708,75;1;BID;25709,0;25710,0
2025-12-09 00:01:07.604;25709,5;1;ASK;25709,0;25710,0
2025-12-09 00:01:07.604;25709,5;1;ASK;25709,0;25710,0
2025-12-09 00:01:07.604;25709,5;1;ASK;25709,0;25710,0
2025-12-09 00:01:07.604;25709,75;1;ASK;25709,0;25710,0
2025-12-09 00:01:07.604;25709,75;1;ASK;25709,0;25710,0
2025-12-09 00:01:07.644;25708,75;1;BID;25709,0;25710,0
2025-12-09 00:01:07.644;25708,5;1;BID;25709,0;25710,0
2025-12-09 00:01:07.740;25709,5;1;ASK;25709,0;25710,0
2025-12-09 00:01:08.300;25710,25;1;ASK;25708,75;25709,5
2025-12-09 00:01:08.464;25709,5;1;ASK;25708,75;25709,5
2025-12-09 00:01:09.328;25709,5;1;BID;25709,5;25710,5
2025-12-09 00:01:10.712;25710,75;1;ASK;25709,0;25709,75
2025-12-09 00:01:10.712;25710,75;1;ASK;25709,0;25709,75
2025-12-09 00:01:10.712;25710,25;1;ASK;25709,0;25709,75
2025-12-09 00:01:10.712;25710,0;1;ASK;25709,0;25709,75
2025-12-09 00:01:11.152;25709,0;1;BID;25708,75;25709,75
2025-12-09 00:01:11.212;25709,25;1;ASK;25708,75;25709,75
2025-12-09 00:01:11.588;25709,75;1;ASK;25708,75;25709,75
2025-12-09 00:01:11.884;25709,25;1;ASK;25708,75;25709,75
2025-12-09 00:01:12.096;25709,5;1;ASK;25708,5;25709,5
2025-12-09 00:01:12.640;25709,5;1;ASK;25708,5;25709,5
2025-12-09 00:01:12.640;25709,5;1;ASK;25708,5;25709,5
2025-12-09 00:01:13.556;25708,5;1;ASK;25707,5;25708,25
2025-12-09 00:01:13.576;25708,0;1;ASK;25707,5;25708,25
2025-12-09 00:01:13.580;25708,0;1;ASK;25707,5;25708,25
2025-12-09 00:01:17.144;25707,0;1;ASK;25703,25;25704,25
2025-12-09 00:01:17.200;25705,5;1;ASK;25703,25;25704,25
2025-12-09 00:01:17.548;25704,25;1;ASK;25703,25;25704,25
2025-12-09 00:01:18.636;25703,5;1;ASK;25703,0;25704,0
2025-12-09 00:01:19.212;25704,0;1;ASK;25703,25;25704,25
2025-12-09 00:01:19.372;25703,25;1;BID;25703,25;25704,25
2025-12-09 00:01:20.756;25703,5;1;BID;25703,25;25704,25
2025-12-09 00:01:20.756;25703,75;1;ASK;25703,25;25704,25
2025-12-09 00:01:22.348;25704,0;3;ASK;25702,75;25703,5
2025-12-09 00:01:22.636;25703,0;1;BID;25702,75;25703,5
2025-12-09 00:01:24.316;25703,0;1;BID;25703,5;25704,25
2025-12-09 00:01:24.320;25702,75;1;BID;25703,5;25704,25
2025-12-09 00:01:24.340;25703,5;1;BID;25703,5;25704,25
2025-12-09 00:01:27.604;25705,0;1;BID;25704,75;25705,75
2025-12-09 00:01:31.484;25705,25;1;BID;25705,5;25706,5
2025-12-09 00:01:31.584;25704,75;1;BID;25705,5;25706,5
2025-12-09 00:01:31.812;25705,0;1;BID;25705,5;25706,5
2025-12-09 00:01:31.812;25705,25;1;BID;25705,5;25706,5
2025-12-09 00:01:31.812;25705,25;1;BID;25705,5;25706,5
2025-12-09 00:01:31.816;25705,75;1;BID;25705,5;25706,5
2025-12-09 00:01:34.928;25706,5;1;ASK;25706,0;25707,0
2025-12-09 00:01:36.384;25706,25;1;ASK;25705,75;25706,75
2025-12-09 00:01:38.880;25706,75;1;BID;25706,25;25707,5
2025-12-09 00:01:38.880;25706,75;1;BID;25706,25;25707,5
2025-12-09 00:01:38.880;25707,0;1;ASK;25706,25;25707,5
2025-12-09 00:01:38.896;25707,0;1;ASK;25706,25;25707,5
2025-12-09 00:01:38.956;25706,75;1;BID;25706,25;25707,5
2025-12-09 00:01:40.160;25706,25;1;BID;25706,25;25707,25
2025-12-09 00:01:41.276;25706,25;1;ASK;25705,0;25705,75
2025-12-09 00:01:41.576;25705,75;1;ASK;25705,0;25705,75
2025-12-09 00:01:41.580;25705,75;1;ASK;25705,0;25705,75
2025-12-09 00:01:41.580;25705,75;1;ASK;25705,0;25705,75
2025-12-09 00:01:41.580;25705,75;1;ASK;25705,0;25705,75
2025-12-09 00:01:41.580;25705,5;1;ASK;25705,0;25705,75
2025-12-09 00:01:41.580;25705,25;1;BID;25705,0;25705,75
2025-12-09 00:01:41.580;25705,0;1;BID;25705,0;25705,75
2025-12-09 00:01:41.580;25704,75;1;BID;25705,0;25705,75
2025-12-09 00:01:41.580;25704,5;1;BID;25705,0;25705,75
2025-12-09 00:01:41.580;25704,5;1;BID;25705,0;25705,75
2025-12-09 00:01:41.580;25704,25;1;BID;25705,0;25705,75
2025-12-09 00:01:41.580;25704,25;1;BID;25705,0;25705,75
2025-12-09 00:01:41.580;25704,25;1;BID;25705,0;25705,75
2025-12-09 00:01:41.584;25704,0;1;BID;25705,0;25705,75
2025-12-09 00:01:41.584;25704,0;1;BID;25705,0;25705,75
2025-12-09 00:01:41.584;25704,0;1;BID;25705,0;25705,75
2025-12-09 00:01:41.820;25705,5;1;ASK;25705,0;25705,75
2025-12-09 00:01:41.820;25705,25;1;BID;25705,0;25705,75
2025-12-09 00:01:42.024;25705,75;1;ASK;25705,25;25706,25
2025-12-09 00:01:42.024;25705,75;1;ASK;25705,25;25706,25
2025-12-09 00:01:43.308;25705,25;1;BID;25705,75;25706,5
2025-12-09 00:01:43.428;25704,5;1;BID;25705,75;25706,5
2025-12-09 00:01:43.592;25704,75;1;BID;25705,75;25706,5
2025-12-09 00:01:43.592;25704,75;1;BID;25705,75;25706,5
2025-12-09 00:01:43.592;25704,75;1;BID;25705,75;25706,5
2025-12-09 00:01:43.616;25705,75;1;BID;25705,75;25706,5
2025-12-09 00:01:44.828;25705,75;1;ASK;25704,25;25705,25
2025-12-09 00:01:44.844;25705,5;1;ASK;25704,25;25705,25
2025-12-09 00:01:44.844;25705,25;1;ASK;25704,25;25705,25
2025-12-09 00:01:44.844;25704,25;1;BID;25704,25;25705,25
2025-12-09 00:01:44.844;25704,25;1;BID;25704,25;25705,25
2025-12-09 00:01:44.844;25704,25;1;BID;25704,25;25705,25
2025-12-09 00:01:44.844;25703,75;1;BID;25704,25;25705,25
2025-12-09 00:01:44.844;25703,5;1;BID;25704,25;25705,25
2025-12-09 00:01:44.844;25703,25;1;BID;25704,25;25705,25
2025-12-09 00:01:44.856;25702,75;1;BID;25704,25;25705,25
2025-12-09 00:01:44.856;25704,25;1;BID;25704,25;25705,25
2025-12-09 00:01:44.856;25704,5;1;BID;25704,25;25705,25
2025-12-09 00:01:44.860;25703,75;1;BID;25704,25;25705,25
2025-12-09 00:01:44.864;25704,25;1;BID;25704,25;25705,25
2025-12-09 00:01:44.864;25703,75;1;BID;25704,25;25705,25
2025-12-09 00:01:44.864;25704,5;1;BID;25704,25;25705,25
2025-12-09 00:01:44.864;25704,5;1;BID;25704,25;25705,25
2025-12-09 00:01:44.864;25703,75;1;BID;25704,25;25705,25
2025-12-09 00:01:44.864;25704,0;1;BID;25704,25;25705,25
2025-12-09 00:01:44.868;25703,75;1;BID;25704,25;25705,25
2025-12-09 00:01:44.868;25703,5;1;BID;25704,25;25705,25
2025-12-09 00:01:44.872;25704,25;1;BID;25704,25;25705,25
2025-12-09 00:01:44.872;25705,0;1;ASK;25704,25;25705,25
2025-12-09 00:01:44.872;25705,25;1;ASK;25704,25;25705,25
2025-12-09 00:01:44.872;25705,25;1;ASK;25704,25;25705,25
2025-12-09 00:01:44.876;25705,25;1;ASK;25704,25;25705,25
2025-12-09 00:01:44.876;25705,5;1;ASK;25704,25;25705,25
2025-12-09 00:01:44.888;25704,75;1;ASK;25704,25;25705,25
2025-12-09 00:01:45.936;25704,75;1;BID;25704,5;25705,25
2025-12-09 00:01:46.816;25704,5;1;ASK;25703,75;25704,5
2025-12-09 00:01:48.600;25703,75;1;ASK;25703,25;25704,25
2025-12-09 00:01:49.892;25703,75;1;ASK;25703,25;25704,25
2025-12-09 00:01:50.060;25704,25;1;ASK;25703,25;25704,25
2025-12-09 00:01:51.996;25703,25;1;BID;25703,0;25703,75
2025-12-09 00:01:52.576;25704,0;1;ASK;25703,25;25704,25
2025-12-09 00:01:53.604;25703,5;1;BID;25704,5;25705,5
2025-12-09 00:01:53.800;25704,5;1;BID;25704,5;25705,5
2025-12-09 00:01:54.588;25704,5;1;ASK;25703,0;25704,0
2025-12-09 00:01:54.588;25704,25;1;ASK;25703,0;25704,0
2025-12-09 00:01:54.588;25703,75;1;ASK;25703,0;25704,0
2025-12-09 00:01:55.072;25703,5;1;BID;25704,0;25705,0
2025-12-09 00:01:55.072;25703,75;1;BID;25704,0;25705,0
2025-12-09 00:01:55.072;25704,0;1;BID;25704,0;25705,0
2025-12-09 00:01:58.068;25704,25;1;ASK;25703,75;25704,75
2025-12-09 00:01:58.068;25704,25;1;ASK;25703,75;25704,75
2025-12-09 00:01:58.408;25704,25;1;ASK;25703,75;25704,75
2025-12-09 00:01:59.760;25703,75;1;BID;25703,5;25704,25
2025-12-09 00:02:01.184;25704,5;1;BID;25704,25;25705,25
2025-12-09 00:02:01.352;25705,0;1;ASK;25704,25;25705,25
2025-12-09 00:02:02.140;25705,25;1;ASK;25704,5;25705,25
2025-12-09 00:02:03.468;25704,5;1;ASK;25703,5;25704,25
2025-12-09 00:02:04.828;25703,5;1;ASK;25703,0;25704,0
2025-12-09 00:02:04.880;25703,5;1;ASK;25703,0;25704,0
2025-12-09 00:02:05.120;25704,0;1;ASK;25703,5;25704,5
2025-12-09 00:02:05.124;25704,0;1;ASK;25703,5;25704,5
2025-12-09 00:02:06.592;25703,25;1;BID;25703,5;25704,25
2025-12-09 00:02:06.880;25703,25;1;BID;25703,5;25704,25
2025-12-09 00:02:06.936;25703,0;1;BID;25703,5;25704,25
2025-12-09 00:02:06.968;25703,75;1;BID;25703,5;25704,25
2025-12-09 00:02:06.968;25704,0;1;ASK;25703,5;25704,25
2025-12-09 00:02:06.968;25704,0;1;ASK;25703,5;25704,25
2025-12-09 00:02:06.968;25704,0;1;ASK;25703,5;25704,25
2025-12-09 00:02:06.968;25704,25;1;ASK;25703,5;25704,25
2025-12-09 00:02:06.984;25703,75;1;BID;25703,5;25704,25
2025-12-09 00:02:07.516;25703,25;1;ASK;25702,25;25703,25
2025-12-09 00:02:07.576;25702,75;1;ASK;25702,25;25703,25
2025-12-09 00:02:07.576;25702,5;1;BID;25702,25;25703,25
2025-12-09 00:02:08.368;25702,25;1;BID;25702,5;25703,0
2025-12-09 00:02:08.368;25702,5;1;BID;25702,5;25703,0
2025-12-09 00:02:09.044;25702,5;1;BID;25703,0;25704,0
2025-12-09 00:02:09.124;25703,0;1;BID;25703,0;25704,0
2025-12-09 00:02:11.200;25703,0;1;BID;25702,75;25703,75
2025-12-09 00:02:11.920;25703,5;1;ASK;25702,75;25703,75
2025-12-09 00:02:16.276;25703,5;1;ASK;25702,75;25703,75
2025-12-09 00:02:18.304;25702,75;1;ASK;25702,25;25703,25
2025-12-09 00:02:18.632;25703,0;1;ASK;25702,25;25703,25
2025-12-09 00:02:19.532;25702,25;1;BID;25702,25;25703,0
2025-12-09 00:02:19.532;25702,0;1;BID;25702,25;25703,0
2025-12-09 00:02:19.532;25702,0;1;BID;25702,25;25703,0
2025-12-09 00:02:19.532;25702,0;1;BID;25702,25;25703,0
2025-12-09 00:02:19.532;25701,75;1;BID;25702,25;25703,0
2025-12-09 00:02:20.212;25702,25;1;BID;25703,0;25704,0
2025-12-09 00:02:20.212;25702,0;1;BID;25703,0;25704,0
2025-12-09 00:02:20.212;25702,75;1;BID;25703,0;25704,0
2025-12-09 00:02:20.736;25704,25;1;ASK;25703,0;25704,0
2025-12-09 00:02:21.028;25703,0;1;BID;25703,5;25704,25
2025-12-09 00:02:21.360;25703,5;1;BID;25703,5;25704,25
2025-12-09 00:02:21.436;25703,25;1;BID;25703,5;25704,25
2025-12-09 00:02:21.760;25703,0;1;BID;25703,5;25704,25
2025-12-09 00:02:21.796;25703,75;1;BID;25703,5;25704,25
2025-12-09 00:02:21.796;25704,0;1;ASK;25703,5;25704,25
2025-12-09 00:02:22.076;25704,25;1;BID;25704,75;25705,5
2025-12-09 00:02:22.076;25704,75;1;BID;25704,75;25705,5
2025-12-09 00:02:22.708;25704,75;1;BID;25704,75;25705,5
2025-12-09 00:02:22.804;25705,25;4;ASK;25704,75;25705,5
2025-12-09 00:02:23.168;25704,75;1;BID;25705,0;25705,5
2025-12-09 00:02:24.372;25705,5;1;BID;25705,25;25706,25
2025-12-09 00:02:24.532;25706,0;1;ASK;25705,25;25706,25
2025-12-09 00:02:24.700;25705,75;1;ASK;25705,25;25706,25
2025-12-09 00:02:24.736;25705,25;1;BID;25705,25;25706,25
2025-12-09 00:02:25.752;25706,25;2;ASK;25705,5;25706,0
2025-12-09 00:02:25.752;25706,25;1;ASK;25705,5;25706,0
2025-12-09 00:02:25.756;25706,0;1;ASK;25705,5;25706,0
2025-12-09 00:02:26.008;25705,5;1;ASK;25704,75;25705,75
2025-12-09 00:02:26.200;25705,5;1;ASK;25704,75;25705,75
2025-12-09 00:02:26.348;25705,0;1;BID;25704,75;25705,75
2025-12-09 00:02:27.064;25705,75;1;BID;25706,25;25707,25
2025-12-09 00:02:27.132;25706,5;1;BID;25706,25;25707,25
2025-12-09 00:02:27.216;25706,5;1;BID;25706,25;25707,25
2025-12-09 00:02:27.680;25706,0;1;BID;25706,25;25707,25
2025-12-09 00:02:27.804;25705,75;1;BID;25706,25;25707,25
2025-12-09 00:02:27.884;25706,75;1;ASK;25706,25;25707,25
2025-12-09 00:02:27.888;25706,75;1;ASK;25706,25;25707,25
2025-12-09 00:02:27.888;25706,75;1;ASK;25706,25;25707,25
2025-12-09 00:02:28.300;25708,0;1;ASK;25706,75;25707,5
2025-12-09 00:02:28.324;25707,25;1;ASK;25706,75;25707,5
2025-12-09 00:02:28.324;25707,25;1;ASK;25706,75;25707,5
2025-12-09 00:02:28.536;25708,0;1;ASK;25706,75;25707,5
2025-12-09 00:02:28.988;25707,0;1;BID;25706,75;25707,5
2025-12-09 00:02:28.988;25707,0;1;BID;25706,75;25707,5
2025-12-09 00:02:28.988;25706,75;1;BID;25706,75;25707,5
2025-12-09 00:02:30.336;25707,5;1;ASK;25706,75;25707,75
2025-12-09 00:02:30.336;25707,5;1;ASK;25706,75;25707,75
2025-12-09 00:02:30.776;25706,75;1;BID;25706,75;25707,75
2025-12-09 00:02:31.140;25707,25;1;ASK;25705,75;25706,75
2025-12-09 00:02:33.172;25706,75;1;ASK;25704,25;25705,25
2025-12-09 00:02:33.596;25706,25;1;ASK;25704,25;25705,25
2025-12-09 00:02:33.596;25706,0;1;ASK;25704,25;25705,25
2025-12-09 00:02:33.596;25705,75;1;ASK;25704,25;25705,25
2025-12-09 00:02:33.792;25705,75;4;ASK;25704,25;25705,25
2025-12-09 00:02:33.792;25705,25;1;ASK;25704,25;25705,25
2025-12-09 00:02:33.808;25705,0;2;ASK;25704,25;25705,25
2025-12-09 00:02:33.808;25705,0;2;ASK;25704,25;25705,25
2025-12-09 00:02:33.900;25704,5;1;BID;25704,25;25705,25
2025-12-09 00:02:35.812;25705,25;1;BID;25705,0;25706,0
2025-12-09 00:02:35.812;25705,25;1;BID;25705,0;25706,0
2025-12-09 00:02:35.812;25705,25;1;BID;25705,0;25706,0
2025-12-09 00:02:35.812;25705,75;1;ASK;25705,0;25706,0
2025-12-09 00:02:35.812;25705,5;1;ASK;25705,0;25706,0
2025-12-09 00:02:37.104;25704,75;1;BID;25705,25;25706,25
2025-12-09 00:02:37.588;25705,25;1;BID;25705,25;25706,25
2025-12-09 00:02:37.588;25705,5;1;BID;25705,25;25706,25
2025-12-09 00:02:37.588;25705,5;1;BID;25705,25;25706,25
2025-12-09 00:02:38.384;25706,25;1;ASK;25705,75;25706,75
2025-12-09 00:02:38.464;25705,5;1;BID;25705,75;25706,75
2025-12-09 00:02:39.048;25706,75;1;BID;25706,75;25707,75
2025-12-09 00:02:39.052;25706,5;1;BID;25706,75;25707,75
2025-12-09 00:02:39.628;25706,5;1;BID;25706,75;25707,75
2025-12-09 00:02:39.628;25707,0;1;BID;25706,75;25707,75
2025-12-09 00:02:40.164;25706,75;1;BID;25706,75;25707,75
2025-12-09 00:02:40.164;25706,75;1;BID;25706,75;25707,75
2025-12-09 00:02:40.164;25706,5;1;BID;25706,75;25707,75
2025-12-09 00:02:40.164;25706,5;1;BID;25706,75;25707,75
2025-12-09 00:02:40.340;25706,75;1;BID;25706,75;25707,75
2025-12-09 00:02:40.340;25707,0;1;BID;25706,75;25707,75
2025-12-09 00:02:41.520;25706,75;1;BID;25707,0;25707,75
2025-12-09 00:02:41.912;25707,25;1;BID;25707,0;25707,75
2025-12-09 00:02:41.912;25707,25;1;BID;25707,0;25707,75
2025-12-09 00:02:42.000;25707,5;1;ASK;25707,0;25707,75
2025-12-09 00:02:42.072;25707,25;1;BID;25707,5;25708,5
2025-12-09 00:02:42.084;25707,0;1;BID;25707,5;25708,5
2025-12-09 00:02:42.156;25707,5;1;BID;25707,5;25708,5
2025-12-09 00:02:42.784;25707,75;1;BID;25707,5;25708,5
2025-12-09 00:02:42.784;25708,0;1;ASK;25707,5;25708,5
2025-12-09 00:02:42.784;25708,5;1;ASK;25707,5;25708,5
2025-12-09 00:02:42.784;25708,5;1;ASK;25707,5;25708,5
2025-12-09 00:02:42.784;25708,75;1;ASK;25707,5;25708,5
2025-12-09 00:02:42.784;25708,75;1;ASK;25707,5;25708,5
2025-12-09 00:02:42.784;25708,75;1;ASK;25707,5;25708,5
2025-12-09 00:02:42.784;25709,0;1;ASK;25707,5;25708,5
2025-12-09 00:02:42.784;25709,0;1;ASK;25707,5;25708,5
2025-12-09 00:02:42.784;25709,0;1;ASK;25707,5;25708,5
2025-12-09 00:02:42.784;25709,0;1;ASK;25707,5;25708,5
2025-12-09 00:02:42.784;25709,25;1;ASK;25707,5;25708,5
2025-12-09 00:02:42.784;25709,25;1;ASK;25707,5;25708,5
2025-12-09 00:02:42.788;25708,25;1;ASK;25707,5;25708,5
2025-12-09 00:02:42.788;25708,25;1;ASK;25707,5;25708,5
2025-12-09 00:02:42.796;25707,75;1;BID;25707,5;25708,5
2025-12-09 00:02:43.760;25706,75;1;ASK;25705,5;25706,5
2025-12-09 00:02:44.300;25706,5;1;ASK;25706,0;25707,0
2025-12-09 00:02:44.300;25706,5;1;ASK;25706,0;25707,0
2025-12-09 00:02:44.564;25706,75;1;ASK;25706,0;25707,0
2025-12-09 00:02:44.564;25706,5;1;ASK;25706,0;25707,0
2025-12-09 00:02:45.016;25706,25;1;ASK;25705,75;25706,75
2025-12-09 00:02:46.060;25705,75;1;BID;25706,25;25707,25
2025-12-09 00:02:46.268;25705,5;1;BID;25706,25;25707,25
2025-12-09 00:02:46.476;25706,5;1;BID;25706,25;25707,25
2025-12-09 00:02:46.476;25706,75;1;ASK;25706,25;25707,25
2025-12-09 00:02:46.476;25707,0;1;ASK;25706,25;25707,25
2025-12-09 00:02:48.068;25707,25;1;BID;25707,5;25708,5
2025-12-09 00:02:48.844;25707,75;1;BID;25707,5;25708,5
2025-12-09 00:02:49.784;25708,75;1;ASK;25707,5;25708,5
2025-12-09 00:02:49.792;25708,0;1;ASK;25707,5;25708,5
2025-12-09 00:02:49.792;25707,75;1;BID;25707,5;25708,5
2025-12-09 00:02:49.796;25707,25;1;BID;25707,5;25708,5
2025-12-09 00:02:49.804;25707,25;1;BID;25707,5;25708,5
2025-12-09 00:02:49.808;25706,5;1;BID;25707,5;25708,5
2025-12-09 00:02:49.836;25707,5;1;BID;25707,5;25708,5
2025-12-09 00:02:49.908;25708,0;1;ASK;25707,5;25708,5
2025-12-09 00:02:49.908;25708,75;1;ASK;25707,5;25708,5
2025-12-09 00:02:49.908;25708,75;1;ASK;25707,5;25708,5
2025-12-09 00:02:49.908;25709,0;1;ASK;25707,5;25708,5
2025-12-09 00:02:49.908;25709,0;1;ASK;25707,5;25708,5
2025-12-09 00:02:49.916;25708,0;1;ASK;25707,5;25708,5
2025-12-09 00:02:49.992;25708,0;1;ASK;25707,5;25708,5
2025-12-09 00:02:49.992;25708,25;1;ASK;25707,5;25708,5
2025-12-09 00:02:49.992;25708,5;1;ASK;25707,5;25708,5
2025-12-09 00:02:49.992;25708,5;1;ASK;25707,5;25708,5
2025-12-09 00:02:50.008;25708,5;1;ASK;25708,0;25709,0
2025-12-09 00:02:50.008;25708,75;1;ASK;25708,0;25709,0
2025-12-09 00:02:50.008;25708,75;1;ASK;25708,0;25709,0
2025-12-09 00:02:50.012;25708,75;1;ASK;25708,0;25709,0
2025-12-09 00:02:50.024;25707,75;1;BID;25708,0;25709,0
2025-12-09 00:02:50.216;25708,25;1;BID;25708,0;25709,0
2025-12-09 00:02:50.280;25708,5;1;ASK;25708,0;25709,0
2025-12-09 00:02:50.752;25709,0;1;ASK;25708,0;25709,0
2025-12-09 00:02:50.752;25708,75;1;ASK;25708,0;25709,0
2025-12-09 00:02:51.008;25708,0;1;BID;25708,75;25709,5
2025-12-09 00:02:51.404;25708,5;1;BID;25708,75;25709,5
2025-12-09 00:02:51.496;25708,5;1;BID;25708,75;25709,5
2025-12-09 00:02:51.516;25709,25;1;ASK;25708,75;25709,5
2025-12-09 00:02:51.796;25709,5;1;ASK;25708,75;25709,5
2025-12-09 00:02:52.068;25708,75;1;ASK;25708,0;25709,0
2025-12-09 00:02:52.076;25708,0;1;BID;25708,0;25709,0
2025-12-09 00:02:52.540;25708,5;1;ASK;25708,0;25709,0
2025-12-09 00:02:52.540;25708,5;1;ASK;25708,0;25709,0
2025-12-09 00:02:52.760;25708,5;1;ASK;25708,0;25709,0
2025-12-09 00:02:53.004;25708,0;1;BID;25707,75;25708,75
2025-12-09 00:02:53.004;25707,75;1;BID;25707,75;25708,75
2025-12-09 00:02:53.004;25707,75;1;BID;25707,75;25708,75
2025-12-09 00:02:53.004;25707,5;1;BID;25707,75;25708,75
2025-12-09 00:02:54.624;25708,75;1;BID;25708,5;25709,5
2025-12-09 00:02:55.868;25709,0;1;BID;25708,75;25709,5
2025-12-09 00:02:56.928;25708,5;1;ASK;25708,0;25708,75
2025-12-09 00:02:57.180;25709,0;1;ASK;25708,0;25709,0
2025-12-09 00:02:59.232;25709,0;1;ASK;25708,5;25709,25
2025-12-09 00:03:00.152;25709,25;1;ASK;25708,75;25709,5
2025-12-09 00:03:00.648;25709,5;1;ASK;25708,75;25709,5
2025-12-09 00:03:02.516;25709,5;1;ASK;25709,0;25709,5
2025-12-09 00:03:03.312;25708,75;1;ASK;25708,25;25709,25
2025-12-09 00:03:03.312;25708,75;1;ASK;25708,25;25709,25
2025-12-09 00:03:04.388;25709,0;1;BID;25710,25;25711,0
2025-12-09 00:03:04.400;25709,5;1;BID;25710,25;25711,0
2025-12-09 00:03:04.404;25709,5;1;BID;25710,25;25711,0
2025-12-09 00:03:04.404;25709,5;1;BID;25710,25;25711,0
2025-12-09 00:03:04.404;25709,75;2;BID;25710,25;25711,0
2025-12-09 00:03:04.404;25710,0;1;BID;25710,25;25711,0
2025-12-09 00:03:04.428;25709,5;1;BID;25710,25;25711,0
2025-12-09 00:03:04.440;25709,75;1;BID;25710,25;25711,0
2025-12-09 00:03:04.608;25710,5;1;BID;25710,25;25711,0
2025-12-09 00:03:04.608;25710,5;1;BID;25710,25;25711,0
2025-12-09 00:03:04.608;25710,75;1;ASK;25710,25;25711,0
2025-12-09 00:03:04.608;25710,75;1;ASK;25710,25;25711,0
2025-12-09 00:03:04.608;25711,0;1;ASK;25710,25;25711,0
2025-12-09 00:03:05.460;25710,5;1;BID;25710,5;25711,25
2025-12-09 00:03:05.684;25710,5;1;BID;25710,5;25711,25
2025-12-09 00:03:05.684;25710,25;1;BID;25710,5;25711,25
2025-12-09 00:03:06.280;25710,5;1;ASK;25709,5;25710,5
2025-12-09 00:03:06.280;25710,25;1;ASK;25709,5;25710,5
2025-12-09 00:03:06.280;25710,25;1;ASK;25709,5;25710,5
2025-12-09 00:03:06.280;25710,25;1;ASK;25709,5;25710,5
2025-12-09 00:03:08.292;25710,75;1;ASK;25709,5;25710,25
2025-12-09 00:03:08.292;25711,0;1;ASK;25709,5;25710,25
2025-12-09 00:03:08.292;25711,25;1;ASK;25709,5;25710,25
2025-12-09 00:03:08.292;25711,25;1;ASK;25709,5;25710,25
2025-12-09 00:03:08.320;25710,25;1;ASK;25709,5;25710,25
2025-12-09 00:03:08.504;25710,0;1;ASK;25709,5;25710,25
2025-12-09 00:03:08.932;25710,0;1;ASK;25709,5;25710,25
2025-12-09 00:03:09.112;25709,5;1;BID;25709,25;25710,0
2025-12-09 00:03:09.112;25709,5;1;BID;25709,25;25710,0
2025-12-09 00:03:09.132;25710,0;1;ASK;25709,25;25710,0
2025-12-09 00:03:13.276;25710,25;1;ASK;25709,75;25710,75
2025-12-09 00:03:13.512;25710,75;1;ASK;25709,75;25710,75
2025-12-09 00:03:13.512;25711,0;1;ASK;25709,75;25710,75
2025-12-09 00:03:14.208;25710,75;1;ASK;25709,75;25710,75
2025-12-09 00:03:14.208;25711,0;1;ASK;25709,75;25710,75
2025-12-09 00:03:14.368;25711,0;1;ASK;25709,75;25710,75
2025-12-09 00:03:14.376;25710,5;1;ASK;25709,75;25710,75
2025-12-09 00:03:14.636;25710,5;1;ASK;25709,75;25710,75
2025-12-09 00:03:14.672;25710,5;1;ASK;25709,75;25710,75
2025-12-09 00:03:14.672;25710,25;1;ASK;25709,75;25710,75
2025-12-09 00:03:14.932;25710,5;1;ASK;25709,75;25710,75
2025-12-09 00:03:15.780;25710,75;1;ASK;25710,25;25711,25
2025-12-09 00:03:15.780;25711,0;1;ASK;25710,25;25711,25
2025-12-09 00:03:16.452;25710,25;1;BID;25710,0;25710,75
2025-12-09 00:03:17.240;25710,0;1;BID;25710,5;25711,5
2025-12-09 00:03:17.920;25710,75;1;BID;25710,5;25711,5
2025-12-09 00:03:18.308;25710,5;1;BID;25710,5;25711,5
2025-12-09 00:03:18.368;25710,5;1;BID;25710,5;25711,5
2025-12-09 00:03:19.064;25711,5;1;BID;25712,75;25713,5
2025-12-09 00:03:19.108;25711,5;1;BID;25712,75;25713,5
2025-12-09 00:03:19.108;25711,5;2;BID;25712,75;25713,5
2025-12-09 00:03:19.108;25711,5;1;BID;25712,75;25713,5
2025-12-09 00:03:19.108;25711,5;1;BID;25712,75;25713,5
2025-12-09 00:03:19.108;25711,5;1;BID;25712,75;25713,5
2025-12-09 00:03:19.108;25711,5;1;BID;25712,75;25713,5
2025-12-09 00:03:19.108;25711,75;1;BID;25712,75;25713,5
2025-12-09 00:03:19.108;25711,75;1;BID;25712,75;25713,5
2025-12-09 00:03:19.108;25711,75;1;BID;25712,75;25713,5
2025-12-09 00:03:19.108;25712,0;1;BID;25712,75;25713,5
2025-12-09 00:03:19.108;25713,0;1;BID;25712,75;25713,5
2025-12-09 00:03:19.108;25713,5;1;ASK;25712,75;25713,5
2025-12-09 00:03:19.108;25713,5;1;ASK;25712,75;25713,5
2025-12-09 00:03:19.108;25713,75;1;ASK;25712,75;25713,5
2025-12-09 00:03:19.108;25713,75;1;ASK;25712,75;25713,5
2025-12-09 00:03:19.108;25714,0;1;ASK;25712,75;25713,5
2025-12-09 00:03:19.108;25714,0;1;ASK;25712,75;25713,5
2025-12-09 00:03:19.108;25714,0;1;ASK;25712,75;25713,5
2025-12-09 00:03:19.108;25714,0;1;ASK;25712,75;25713,5
2025-12-09 00:03:19.108;25714,25;1;ASK;25712,75;25713,5
2025-12-09 00:03:19.108;25714,25;1;ASK;25712,75;25713,5
2025-12-09 00:03:19.108;25714,5;1;ASK;25712,75;25713,5
2025-12-09 00:03:19.108;25714,5;1;ASK;25712,75;25713,5
2025-12-09 00:03:19.108;25714,75;1;ASK;25712,75;25713,5
2025-12-09 00:03:19.108;25714,75;1;ASK;25712,75;25713,5
2025-12-09 00:03:19.108;25714,75;1;ASK;25712,75;25713,5
2025-12-09 00:03:19.124;25713,0;1;BID;25712,75;25713,5
2025-12-09 00:03:19.196;25712,75;1;BID;25712,75;25713,5
2025-12-09 00:03:21.400;25712,75;1;BID;25714,25;25715,0
2025-12-09 00:03:21.460;25713,5;1;BID;25714,25;25715,0
2025-12-09 00:03:21.460;25713,5;1;BID;25714,25;25715,0
2025-12-09 00:03:21.460;25713,75;1;BID;25714,25;25715,0
2025-12-09 00:03:21.460;25713,75;1;BID;25714,25;25715,0
2025-12-09 00:03:21.460;25713,75;1;BID;25714,25;25715,0
2025-12-09 00:03:21.712;25714,0;1;BID;25714,25;25715,0
2025-12-09 00:03:21.716;25714,0;1;BID;25714,25;25715,0
2025-12-09 00:03:21.924;25715,0;1;ASK;25714,25;25715,0
2025-12-09 00:03:22.824;25714,75;1;ASK;25714,25;25715,0
2025-12-09 00:03:23.296;25715,0;1;ASK;25712,25;25713,0
2025-12-09 00:03:23.296;25715,0;1;ASK;25712,25;25713,0
2025-12-09 00:03:23.296;25715,0;5;ASK;25712,25;25713,0
2025-12-09 00:03:23.296;25715,0;3;ASK;25712,25;25713,0
2025-12-09 00:03:23.296;25714,75;1;ASK;25712,25;25713,0
2025-12-09 00:03:23.296;25714,5;1;ASK;25712,25;25713,0
2025-12-09 00:03:23.296;25715,0;1;ASK;25712,25;25713,0
2025-12-09 00:03:23.296;25715,0;1;ASK;25712,25;25713,0
2025-12-09 00:03:23.296;25715,0;2;ASK;25712,25;25713,0
2025-12-09 00:03:23.296;25715,0;1;ASK;25712,25;25713,0
2025-12-09 00:03:23.296;25715,0;2;ASK;25712,25;25713,0
2025-12-09 00:03:23.296;25715,0;2;ASK;25712,25;25713,0
2025-12-09 00:03:23.296;25714,75;1;ASK;25712,25;25713,0
2025-12-09 00:03:23.296;25714,5;1;ASK;25712,25;25713,0
2025-12-09 00:03:23.296;25715,0;2;ASK;25712,25;25713,0
2025-12-09 00:03:23.296;25714,75;1;ASK;25712,25;25713,0
2025-12-09 00:03:23.296;25714,75;1;ASK;25712,25;25713,0
2025-12-09 00:03:23.300;25714,25;1;ASK;25712,25;25713,0
2025-12-09 00:03:23.300;25714,25;1;ASK;25712,25;25713,0
2025-12-09 00:03:23.300;25713,5;1;ASK;25712,25;25713,0
2025-12-09 00:03:23.300;25713,5;1;ASK;25712,25;25713,0
2025-12-09 00:03:23.300;25713,25;1;ASK;25712,25;25713,0
2025-12-09 00:03:23.300;25713,0;1;ASK;25712,25;25713,0
2025-12-09 00:03:23.304;25712,75;1;ASK;25712,25;25713,0
2025-12-09 00:03:23.304;25713,75;1;ASK;25712,25;25713,0
2025-12-09 00:03:23.320;25713,25;1;ASK;25712,25;25713,0
2025-12-09 00:03:23.320;25713,0;1;ASK;25712,25;25713,0
2025-12-09 00:03:23.456;25713,0;1;ASK;25712,25;25713,0
2025-12-09 00:03:23.456;25713,25;1;ASK;25712,25;25713,0
2025-12-09 00:03:23.976;25712,75;1;ASK;25712,25;25713,0
2025-12-09 00:03:23.976;25712,75;1;ASK;25712,25;25713,0
2025-12-09 00:03:24.024;25713,0;2;BID;25713,75;25714,5
2025-12-09 00:03:24.024;25713,75;1;BID;25713,75;25714,5
2025-12-09 00:03:24.024;25714,0;1;BID;25713,75;25714,5
2025-12-09 00:03:24.024;25714,25;1;ASK;25713,75;25714,5
2025-12-09 00:03:24.888;25714,25;1;ASK;25713,75;25714,5
2025-12-09 00:03:25.924;25713,75;1;ASK;25713,0;25714,0
2025-12-09 00:03:25.924;25713,75;1;ASK;25713,0;25714,0
2025-12-09 00:03:25.924;25713,5;1;ASK;25713,0;25714,0
2025-12-09 00:03:25.924;25713,75;1;ASK;25713,0;25714,0
2025-12-09 00:03:25.968;25713,5;1;ASK;25713,0;25714,0
2025-12-09 00:03:26.860;25713,25;2;ASK;25712,75;25713,5
2025-12-09 00:03:26.972;25713,0;1;BID;25712,75;25713,5
2025-12-09 00:03:27.272;25714,0;1;BID;25719,75;25720,5
2025-12-09 00:03:27.272;25714,5;1;BID;25719,75;25720,5
2025-12-09 00:03:27.272;25715,0;1;BID;25719,75;25720,5
2025-12-09 00:03:27.276;25715,0;1;BID;25719,75;25720,5
2025-12-09 00:03:27.276;25715,0;4;BID;25719,75;25720,5
2025-12-09 00:03:27.276;25715,0;1;BID;25719,75;25720,5
2025-12-09 00:03:27.276;25715,0;1;BID;25719,75;25720,5
2025-12-09 00:03:27.280;25715,0;4;BID;25719,75;25720,5
2025-12-09 00:03:27.280;25715,25;1;BID;25719,75;25720,5
2025-12-09 00:03:27.280;25715,25;1;BID;25719,75;25720,5
2025-12-09 00:03:27.280;25715,0;1;BID;25719,75;25720,5
2025-12-09 00:03:27.280;25715,0;1;BID;25719,75;25720,5
2025-12-09 00:03:27.280;25715,75;1;BID;25719,75;25720,5
2025-12-09 00:03:27.280;25716,0;1;BID;25719,75;25720,5
2025-12-09 00:03:27.288;25715,75;1;BID;25719,75;25720,5
2025-12-09 00:03:27.292;25715,75;1;BID;25719,75;25720,5
2025-12-09 00:03:27.296;25716,0;1;BID;25719,75;25720,5
2025-12-09 00:03:27.296;25716,25;1;BID;25719,75;25720,5
2025-12-09 00:03:27.300;25716,5;1;BID;25719,75;25720,5
2025-12-09 00:03:27.300;25716,75;1;BID;25719,75;25720,5
2025-12-09 00:03:27.300;25716,75;1;BID;25719,75;25720,5
2025-12-09 00:03:27.360;25717,0;1;BID;25719,75;25720,5
2025-12-09 00:03:27.360;25717,0;1;BID;25719,75;25720,5
2025-12-09 00:03:27.360;25717,0;1;BID;25719,75;25720,5
2025-12-09 00:03:27.360;25717,25;1;BID;25719,75;25720,5
2025-12-09 00:03:27.364;25717,75;1;BID;25719,75;25720,5
2025-12-09 00:03:27.364;25717,75;1;BID;25719,75;25720,5
2025-12-09 00:03:27.364;25718,0;1;BID;25719,75;25720,5
2025-12-09 00:03:27.364;25718,0;1;BID;25719,75;25720,5
2025-12-09 00:03:27.380;25717,5;1;BID;25719,75;25720,5
2025-12-09 00:03:27.380;25717,0;1;BID;25719,75;25720,5
2025-12-09 00:03:27.396;25717,75;1;BID;25719,75;25720,5
2025-12-09 00:03:27.468;25717,75;1;BID;25719,75;25720,5
2025-12-09 00:03:27.468;25717,75;1;BID;25719,75;25720,5
2025-12-09 00:03:27.596;25718,25;1;BID;25719,75;25720,5
2025-12-09 00:03:27.652;25718,5;1;BID;25719,75;25720,5
2025-12-09 00:03:27.652;25718,75;4;BID;25719,75;25720,5
2025-12-09 00:03:27.652;25718,75;1;BID;25719,75;25720,5
2025-12-09 00:03:27.652;25719,0;1;BID;25719,75;25720,5
2025-12-09 00:03:27.728;25719,75;1;BID;25719,75;25720,5
2025-12-09 00:03:27.728;25720,0;1;BID;25719,75;25720,5
2025-12-09 00:03:27.728;25720,0;1;BID;25719,75;25720,5
2025-12-09 00:03:27.728;25720,0;1;BID;25719,75;25720,5
2025-12-09 00:03:27.780;25719,75;1;BID;25719,75;25720,5
2025-12-09 00:03:27.828;25720,0;1;BID;25719,75;25720,5
2025-12-09 00:03:27.828;25719,75;1;BID;25719,75;25720,5
2025-12-09 00:03:27.832;25719,5;1;BID;25719,75;25720,5
2025-12-09 00:03:27.904;25720,0;1;BID;25719,75;25720,5
2025-12-09 00:03:27.928;25719,75;1;BID;25719,75;25720,5
2025-12-09 00:03:27.928;25720,0;1;BID;25719,75;25720,5
2025-12-09 00:03:27.928;25720,0;1;BID;25719,75;25720,5
2025-12-09 00:03:27.928;25720,5;1;ASK;25719,75;25720,5
2025-12-09 00:03:27.984;25720,5;1;ASK;25719,75;25720,5
2025-12-09 00:03:27.984;25720,5;1;ASK;25719,75;25720,5
2025-12-09 00:03:28.060;25720,25;1;BID;25720,0;25721,0
2025-12-09 00:03:28.060;25720,5;1;ASK;25720,0;25721,0
2025-12-09 00:03:28.112;25720,25;1;BID;25720,0;25721,0
2025-12-09 00:03:28.372;25720,5;1;ASK;25720,0;25721,0
2025-12-09 00:03:28.372;25720,75;1;ASK;25720,0;25721,0
2025-12-09 00:03:28.376;25720,5;1;ASK;25720,0;25721,0
2025-12-09 00:03:28.428;25720,75;1;ASK;25720,0;25721,0
2025-12-09 00:03:28.428;25720,75;1;ASK;25720,0;25721,0
2025-12-09 00:03:28.428;25720,75;2;ASK;25720,0;25721,0
2025-12-09 00:03:28.572;25721,0;1;ASK;25720,0;25721,0
2025-12-09 00:03:28.596;25720,5;1;ASK;25720,0;25721,0
2025-12-09 00:03:28.824;25720,0;1;BID;25720,0;25721,0
2025-12-09 00:03:28.988;25720,5;1;ASK;25720,0;25721,0
2025-12-09 00:03:28.988;25720,75;1;ASK;25720,0;25721,0
2025-12-09 00:03:28.988;25721,0;1;ASK;25720,0;25721,0
2025-12-09 00:03:28.988;25721,0;1;ASK;25720,0;25721,0
2025-12-09 00:03:29.740;25720,25;1;ASK;25719,5;25720,25
2025-12-09 00:03:30.472;25719,25;1;BID;25719,25;25720,0
2025-12-09 00:03:30.472;25719,0;1;BID;25719,25;25720,0
2025-12-09 00:03:30.472;25719,0;1;BID;25719,25;25720,0
2025-12-09 00:03:30.472;25718,75;1;BID;25719,25;25720,0
2025-12-09 00:03:30.472;25718,75;1;BID;25719,25;25720,0
2025-12-09 00:03:30.472;25718,5;1;BID;25719,25;25720,0
2025-12-09 00:03:30.472;25719,5;1;BID;25719,25;25720,0
2025-12-09 00:03:30.472;25719,5;1;BID;25719,25;25720,0
2025-12-09 00:03:30.556;25720,25;1;ASK;25719,25;25720,0
2025-12-09 00:03:30.676;25719,75;1;ASK;25719,25;25720,0
2025-12-09 00:03:30.780;25719,5;1;BID;25719,25;25720,0
2025-12-09 00:03:30.780;25719,25;1;BID;25719,25;25720,0
2025-12-09 00:03:30.780;25719,0;1;BID;25719,25;25720,0
2025-12-09 00:03:30.880;25720,0;1;ASK;25719,25;25720,0
2025-12-09 00:03:31.908;25718,75;1;BID;25719,5;25720,25
2025-12-09 00:03:31.908;25718,25;1;BID;25719,5;25720,25
2025-12-09 00:03:31.908;25718,25;1;BID;25719,5;25720,25
2025-12-09 00:03:31.912;25718,75;1;BID;25719,5;25720,25
2025-12-09 00:03:31.920;25718,75;1;BID;25719,5;25720,25
2025-12-09 00:03:31.920;25719,0;1;BID;25719,5;25720,25
2025-12-09 00:03:31.920;25719,25;1;BID;25719,5;25720,25
2025-12-09 00:03:31.920;25719,25;1;BID;25719,5;25720,25
2025-12-09 00:03:31.920;25719,5;1;BID;25719,5;25720,25
2025-12-09 00:03:31.924;25719,75;1;BID;25719,5;25720,25
2025-12-09 00:03:31.976;25720,25;1;ASK;25719,5;25720,25
2025-12-09 00:03:32.112;25720,25;1;ASK;25719,5;25720,0
2025-12-09 00:03:33.088;25720,0;1;ASK;25719,5;25720,5
2025-12-09 00:03:33.136;25720,5;1;ASK;25719,5;25720,5
2025-12-09 00:03:33.136;25720,75;1;ASK;25719,5;25720,5
2025-12-09 00:03:33.136;25720,75;1;ASK;25719,5;25720,5
2025-12-09 00:03:33.400;25719,75;1;BID;25719,5;25720,5
2025-12-09 00:03:33.976;25720,0;1;ASK;25719,5;25720,5
2025-12-09 00:03:35.092;25719,25;1;BID;25719,25;25720,25
2025-12-09 00:03:35.092;25719,25;1;BID;25719,25;25720,25
2025-12-09 00:03:35.312;25720,0;1;ASK;25719,25;25720,25
2025-12-09 00:03:36.256;25719,25;1;BID;25719,5;25720,5
2025-12-09 00:03:37.068;25719,75;1;BID;25721,75;25722,75
2025-12-09 00:03:37.068;25719,5;1;BID;25721,75;25722,75
2025-12-09 00:03:37.208;25719,25;1;BID;25721,75;25722,75
2025-12-09 00:03:37.208;25719,75;1;BID;25721,75;25722,75
2025-12-09 00:03:37.296;25720,5;1;BID;25721,75;25722,75
2025-12-09 00:03:37.300;25720,75;1;BID;25721,75;25722,75
2025-12-09 00:03:37.300;25720,75;1;BID;25721,75;25722,75
2025-12-09 00:03:37.316;25720,5;1;BID;25721,75;25722,75
2025-12-09 00:03:37.316;25720,5;1;BID;25721,75;25722,75
2025-12-09 00:03:37.460;25721,0;1;BID;25721,75;25722,75
2025-12-09 00:03:37.728;25721,25;1;BID;25721,75;25722,75
2025-12-09 00:03:37.728;25721,25;1;BID;25721,75;25722,75
2025-12-09 00:03:37.728;25721,25;1;BID;25721,75;25722,75
2025-12-09 00:03:37.968;25721,75;1;BID;25721,75;25722,75
2025-12-09 00:03:37.968;25721,75;5;BID;25721,75;25722,75
2025-12-09 00:03:37.968;25721,75;2;BID;25721,75;25722,75
2025-12-09 00:03:37.968;25722,0;1;BID;25721,75;25722,75
2025-12-09 00:03:37.972;25722,25;3;ASK;25721,75;25722,75
2025-12-09 00:03:37.972;25722,5;1;ASK;25721,75;25722,75
2025-12-09 00:03:37.972;25722,5;4;ASK;25721,75;25722,75
2025-12-09 00:03:37.972;25723,0;1;ASK;25721,75;25722,75
2025-12-09 00:03:37.976;25723,0;1;ASK;25721,75;25722,75
2025-12-09 00:03:37.984;25722,25;1;ASK;25721,75;25722,75
2025-12-09 00:03:38.008;25722,0;1;BID;25722,5;25723,5
2025-12-09 00:03:38.024;25722,0;1;BID;25722,5;25723,5
2025-12-09 00:03:38.068;25721,5;1;BID;25722,5;25723,5
2025-12-09 00:03:38.068;25721,5;1;BID;25722,5;25723,5
2025-12-09 00:03:38.088;25722,0;1;BID;25722,5;25723,5
2025-12-09 00:03:38.256;25723,0;1;ASK;25722,5;25723,5
2025-12-09 00:03:38.508;25723,25;1;ASK;25722,5;25723,5
2025-12-09 00:03:38.804;25723,5;1;ASK;25722,5;25723,5
2025-12-09 00:03:39.080;25722,5;1;ASK;25721,75;25722,5
2025-12-09 00:03:39.088;25722,5;1;ASK;25721,75;25722,5
2025-12-09 00:03:39.088;25722,5;1;ASK;25721,75;25722,5
2025-12-09 00:03:39.088;25722,25;1;ASK;25721,75;25722,5
2025-12-09 00:03:39.088;25722,0;1;BID;25721,75;25722,5
2025-12-09 00:03:39.088;25722,0;1;BID;25721,75;25722,5
2025-12-09 00:03:39.124;25722,75;1;ASK;25721,75;25722,5
2025-12-09 00:03:39.492;25722,25;1;ASK;25721,75;25722,5
2025-12-09 00:03:39.620;25721,75;1;BID;25721,75;25722,5
2025-12-09 00:03:40.108;25722,5;1;ASK;25721,25;25722,25
2025-12-09 00:03:40.108;25722,75;1;ASK;25721,25;25722,25
2025-12-09 00:03:40.644;25721,75;1;ASK;25721,25;25722,25
2025-12-09 00:03:40.644;25721,75;1;ASK;25721,25;25722,25
2025-12-09 00:03:40.832;25722,0;1;ASK;25721,25;25722,25
2025-12-09 00:03:41.616;25722,0;1;ASK;25721,25;25722,25
2025-12-09 00:03:42.320;25722,0;1;ASK;25721,0;25722,0
2025-12-09 00:03:42.668;25720,75;1;BID;25721,0;25722,0
2025-12-09 00:03:43.484;25721,75;1;ASK;25720,75;25721,75
2025-12-09 00:03:45.148;25721,0;1;BID;25721,5;25722,25
2025-12-09 00:03:45.356;25721,0;1;BID;25721,5;25722,25
2025-12-09 00:03:45.356;25721,5;1;BID;25721,5;25722,25
2025-12-09 00:03:46.108;25720,75;1;BID;25720,5;25721,25
2025-12-09 00:03:46.584;25721,5;1;ASK;25720,5;25721,25
2025-12-09 00:03:47.192;25721,25;1;ASK;25720,25;25721,25
2025-12-09 00:03:48.300;25721,75;1;ASK;25721,25;25722,25
2025-12-09 00:03:48.300;25722,0;1;ASK;25721,25;25722,25
2025-12-09 00:03:49.136;25721,25;1;ASK;25721,0;25721,5
2025-12-09 00:03:49.136;25721,25;1;ASK;25721,0;25721,5
2025-12-09 00:03:49.136;25721,0;1;BID;25721,0;25721,5
2025-12-09 00:03:49.136;25721,0;1;BID;25721,0;25721,5
2025-12-09 00:03:49.136;25720,75;1;BID;25721,0;25721,5
2025-12-09 00:03:49.136;25720,75;1;BID;25721,0;25721,5
2025-12-09 00:03:49.136;25720,5;1;BID;25721,0;25721,5
2025-12-09 00:03:49.308;25721,25;1;ASK;25721,0;25721,5
2025-12-09 00:03:50.348;25720,75;1;BID;25720,75;25721,5
2025-12-09 00:03:51.936;25720,75;1;BID;25720,5;25721,25
2025-12-09 00:03:52.412;25720,5;1;ASK;25720,0;25720,75
2025-12-09 00:03:52.412;25720,5;1;ASK;25720,0;25720,75
2025-12-09 00:03:52.752;25720,5;1;ASK;25720,0;25720,75
2025-12-09 00:03:52.752;25720,25;1;BID;25720,0;25720,75
2025-12-09 00:03:52.752;25720,25;1;BID;25720,0;25720,75
2025-12-09 00:03:53.376;25720,5;1;ASK;25719,75;25720,5
2025-12-09 00:03:53.416;25720,0;1;BID;25719,75;25720,5
2025-12-09 00:03:53.904;25719,75;1;BID;25719,75;25720,5
2025-12-09 00:03:53.904;25719,75;1;BID;25719,75;25720,5
2025-12-09 00:03:57.236;25719,75;2;ASK;25719,0;25719,5
2025-12-09 00:03:57.236;25719,25;1;ASK;25719,0;25719,5
2025-12-09 00:03:58.268;25719,25;1;ASK;25718,5;25719,5
2025-12-09 00:03:58.688;25719,5;1;ASK;25718,5;25719,5
2025-12-09 00:03:58.688;25720,0;1;ASK;25718,5;25719,5
2025-12-09 00:03:59.100;25718,5;1;ASK;25717,25;25718,0
2025-12-09 00:03:59.100;25718,5;1;ASK;25717,25;25718,0
2025-12-09 00:03:59.100;25718,25;1;ASK;25717,25;25718,0
2025-12-09 00:03:59.100;25718,0;1;ASK;25717,25;25718,0
2025-12-09 00:03:59.368;25717,5;1;BID;25717,25;25718,0
2025-12-09 00:03:59.936;25718,0;1;ASK;25717,25;25718,0
2025-12-09 00:04:00.280;25718,0;1;BID;25719,25;25720,25
2025-12-09 00:04:00.280;25718,5;1;BID;25719,25;25720,25
2025-12-09 00:04:00.460;25718,5;1;BID;25719,25;25720,25
2025-12-09 00:04:00.460;25718,25;1;BID;25719,25;25720,25
2025-12-09 00:04:00.460;25718,0;1;BID;25719,25;25720,25
2025-12-09 00:04:00.664;25718,5;1;BID;25719,25;25720,25
2025-12-09 00:04:00.664;25719,0;1;BID;25719,25;25720,25
2025-12-09 00:04:01.668;25720,25;1;BID;25722,0;25723,0
2025-12-09 00:04:01.668;25720,25;1;BID;25722,0;25723,0
2025-12-09 00:04:01.720;25720,75;1;BID;25722,0;25723,0
2025-12-09 00:04:01.720;25721,0;1;BID;25722,0;25723,0
2025-12-09 00:04:01.720;25721,25;1;BID;25722,0;25723,0
2025-12-09 00:04:01.784;25721,5;1;BID;25722,0;25723,0
2025-12-09 00:04:01.784;25721,5;1;BID;25722,0;25723,0
2025-12-09 00:04:01.788;25722,0;2;BID;25722,0;25723,0
2025-12-09 00:04:01.788;25722,0;1;BID;25722,0;25723,0
2025-12-09 00:04:02.216;25723,0;1;BID;25722,75;25723,5
2025-12-09 00:04:02.364;25723,25;1;ASK;25722,75;25723,5
2025-12-09 00:04:02.780;25723,5;1;ASK;25722,75;25723,5
2025-12-09 00:04:02.796;25722,75;1;BID;25722,75;25723,5
2025-12-09 00:04:03.260;25722,75;1;ASK;25722,0;25722,75
2025-12-09 00:04:03.268;25722,5;3;ASK;25722,0;25722,75
2025-12-09 00:04:04.288;25722,5;1;ASK;25721,75;25722,75
2025-12-09 00:04:04.288;25722,5;1;ASK;25721,75;25722,75
2025-12-09 00:04:04.288;25722,75;1;ASK;25721,75;25722,75
2025-12-09 00:04:04.288;25723,25;1;ASK;25721,75;25722,75
2025-12-09 00:04:04.288;25723,5;1;ASK;25721,75;25722,75
2025-12-09 00:04:04.288;25723,5;1;ASK;25721,75;25722,75
2025-12-09 00:04:04.288;25723,5;2;ASK;25721,75;25722,75
2025-12-09 00:04:04.288;25723,5;1;ASK;25721,75;25722,75
2025-12-09 00:04:04.288;25723,5;1;ASK;25721,75;25722,75
2025-12-09 00:04:04.736;25722,75;1;ASK;25721,75;25722,75
2025-12-09 00:04:04.736;25722,75;1;ASK;25721,75;25722,75
2025-12-09 00:04:04.736;25722,25;1;ASK;25721,75;25722,75
2025-12-09 00:04:04.952;25722,0;1;BID;25721,75;25722,75
2025-12-09 00:04:05.416;25723,25;1;ASK;25722,0;25722,75
2025-12-09 00:04:05.612;25722,75;1;ASK;25722,0;25722,75
2025-12-09 00:04:06.764;25723,25;1;ASK;25721,75;25722,75
2025-12-09 00:04:06.764;25723,5;1;ASK;25721,75;25722,75
2025-12-09 00:04:06.776;25722,75;1;ASK;25721,75;25722,75
2025-12-09 00:04:06.776;25722,5;1;ASK;25721,75;25722,75
2025-12-09 00:04:06.996;25722,5;1;ASK;25721,75;25722,75
2025-12-09 00:04:07.616;25722,75;1;BID;25723,25;25724,0
2025-12-09 00:04:07.616;25722,75;1;BID;25723,25;25724,0
2025-12-09 00:04:07.616;25723,0;1;BID;25723,25;25724,0
2025-12-09 00:04:07.616;25723,25;1;BID;25723,25;25724,0
2025-12-09 00:04:07.616;25723,25;2;BID;25723,25;25724,0
2025-12-09 00:04:07.616;25723,25;2;BID;25723,25;25724,0
2025-12-09 00:04:07.616;25723,25;1;BID;25723,25;25724,0
2025-12-09 00:04:07.620;25724,0;1;ASK;25723,25;25724,0
2025-12-09 00:04:07.620;25724,0;1;ASK;25723,25;25724,0
2025-12-09 00:04:07.620;25724,0;1;ASK;25723,25;25724,0
2025-12-09 00:04:07.620;25723,75;1;ASK;25723,25;25724,0
2025-12-09 00:04:07.844;25723,75;1;ASK;25723,25;25724,0
2025-12-09 00:04:08.260;25723,25;2;BID;25723,5;25724,5
2025-12-09 00:04:08.264;25723,25;2;BID;25723,5;25724,5
2025-12-09 00:04:08.268;25723,5;1;BID;25723,5;25724,5
2025-12-09 00:04:08.360;25723,25;1;BID;25723,5;25724,5
2025-12-09 00:04:08.360;25723,25;2;BID;25723,5;25724,5
2025-12-09 00:04:08.412;25723,25;2;BID;25723,5;25724,5
2025-12-09 00:04:08.432;25723,25;1;BID;25723,5;25724,5
2025-12-09 00:04:08.812;25724,0;1;ASK;25723,5;25724,5
2025-12-09 00:04:08.812;25724,0;1;ASK;25723,5;25724,5
2025-12-09 00:04:08.832;25723,75;1;BID;25723,5;25724,5
2025-12-09 00:04:09.280;25724,5;1;ASK;25724,0;25725,0
2025-12-09 00:04:09.288;25724,5;1;ASK;25724,0;25725,0
2025-12-09 00:04:09.420;25723,5;1;BID;25724,0;25725,0
2025-12-09 00:04:09.436;25724,25;1;BID;25724,0;25725,0
2025-12-09 00:04:09.436;25724,5;1;ASK;25724,0;25725,0
2025-12-09 00:04:09.436;25724,5;2;ASK;25724,0;25725,0
2025-12-09 00:04:09.436;25724,75;1;ASK;25724,0;25725,0
2025-12-09 00:04:09.808;25724,5;1;ASK;25724,0;25725,0
2025-12-09 00:04:10.244;25723,5;1;ASK;25722,75;25723,75
2025-12-09 00:04:10.440;25724,0;1;ASK;25722,75;25723,75
2025-12-09 00:04:10.796;25723,25;1;ASK;25722,75;25723,75
2025-12-09 00:04:12.376;25723,5;1;ASK;25722,75;25723,75
2025-12-09 00:04:13.336;25722,75;1;BID;25722,75;25723,75
2025-12-09 00:04:14.068;25723,5;1;ASK;25721,75;25722,75
2025-12-09 00:04:14.504;25723,75;1;ASK;25721,75;25722,75
2025-12-09 00:04:14.792;25722,75;1;ASK;25721,75;25722,75
2025-12-09 00:04:14.792;25722,75;1;ASK;25721,75;25722,75
2025-12-09 00:04:14.792;25722,5;1;ASK;25721,75;25722,75
2025-12-09 00:04:16.412;25722,75;1;BID;25722,75;25723,5
2025-12-09 00:04:16.788;25723,25;1;ASK;25722,75;25723,5
2025-12-09 00:04:16.788;25723,25;1;ASK;25722,75;25723,5
2025-12-09 00:04:16.848;25722,5;1;BID;25722,75;25723,5
2025-12-09 00:04:17.044;25722,75;1;ASK;25721,75;25722,75
2025-12-09 00:04:17.068;25722,5;1;ASK;25721,75;25722,75
2025-12-09 00:04:17.672;25722,25;1;ASK;25721,75;25722,75
2025-12-09 00:04:18.064;25722,0;1;ASK;25720,25;25721,25
2025-12-09 00:04:18.336;25721,0;1;ASK;25720,25;25721,25
2025-12-09 00:04:18.336;25721,0;2;ASK;25720,25;25721,25
2025-12-09 00:04:20.652;25721,0;1;ASK;25720,5;25721,5
2025-12-09 00:04:20.652;25721,0;1;ASK;25720,5;25721,5
2025-12-09 00:04:21.328;25721,0;1;ASK;25720,5;25721,5
2025-12-09 00:04:21.328;25721,25;1;ASK;25720,5;25721,5
2025-12-09 00:04:22.720;25721,5;1;ASK;25720,5;25721,5
2025-12-09 00:04:22.720;25721,5;1;ASK;25720,5;25721,5
2025-12-09 00:04:23.348;25720,75;1;ASK;25720,0;25720,75
2025-12-09 00:04:23.348;25720,5;1;ASK;25720,0;25720,75
2025-12-09 00:04:24.260;25720,75;1;BID;25721,0;25721,75
2025-12-09 00:04:24.260;25721,25;1;BID;25721,0;25721,75
2025-12-09 00:04:24.776;25721,5;1;ASK;25721,0;25721,75
2025-12-09 00:04:24.776;25721,75;1;ASK;25721,0;25721,75
2025-12-09 00:04:25.744;25721,0;1;BID;25720,75;25721,5
2025-12-09 00:04:27.056;25720,75;1;BID;25720,75;25721,5
2025-12-09 00:04:27.368;25721,0;1;BID;25720,75;25721,5
2025-12-09 00:04:27.708;25721,0;1;BID;25720,75;25721,5
2025-12-09 00:04:29.440;25721,5;1;ASK;25721,25;25721,75
2025-12-09 00:04:30.420;25721,75;1;BID;25722,0;25722,75
2025-12-09 00:04:30.420;25721,75;1;BID;25722,0;25722,75
2025-12-09 00:04:30.420;25721,75;5;BID;25722,0;25722,75
2025-12-09 00:04:30.424;25722,75;1;ASK;25722,0;25722,75
2025-12-09 00:04:30.424;25723,0;1;ASK;25722,0;25722,75
2025-12-09 00:04:30.780;25722,5;1;ASK;25722,0;25722,75
2025-12-09 00:04:30.856;25722,0;1;BID;25722,0;25722,75
2025-12-09 00:04:30.856;25722,0;1;BID;25722,0;25722,75
2025-12-09 00:04:30.996;25722,5;1;ASK;25722,0;25722,75
2025-12-09 00:04:31.244;25722,0;1;BID;25721,75;25722,5
2025-12-09 00:04:32.940;25721,75;1;ASK;25721,25;25722,0
2025-12-09 00:04:32.940;25721,5;1;BID;25721,25;25722,0
2025-12-09 00:04:32.940;25721,5;1;BID;25721,25;25722,0
2025-12-09 00:04:32.940;25721,5;1;BID;25721,25;25722,0
2025-12-09 00:04:32.940;25721,0;1;BID;25721,25;25722,0
2025-12-09 00:04:32.940;25721,0;1;BID;25721,25;25722,0
2025-12-09 00:04:32.940;25720,75;1;BID;25721,25;25722,0
2025-12-09 00:04:33.560;25721,75;1;ASK;25721,25;25722,25
2025-12-09 00:04:33.660;25721,75;1;ASK;25721,25;25722,25
2025-12-09 00:04:34.212;25722,5;1;ASK;25721,25;25722,25
2025-12-09 00:04:36.988;25721,25;1;ASK;25720,75;25721,75
2025-12-09 00:04:36.988;25721,25;1;ASK;25720,75;25721,75
2025-12-09 00:04:36.988;25721,0;1;BID;25720,75;25721,75
2025-12-09 00:04:36.988;25720,75;1;BID;25720,75;25721,75
2025-12-09 00:04:36.988;25720,5;1;BID;25720,75;25721,75
2025-12-09 00:04:36.992;25721,0;1;BID;25720,75;25721,75
2025-12-09 00:04:37.344;25721,5;1;BID;25721,75;25722,5
2025-12-09 00:04:37.344;25721,0;1;BID;25721,75;25722,5
2025-12-09 00:04:37.812;25722,25;1;ASK;25721,75;25722,5
2025-12-09 00:04:38.168;25722,5;1;ASK;25721,25;25722,25
2025-12-09 00:04:38.168;25723,0;1;ASK;25721,25;25722,25
2025-12-09 00:04:38.932;25722,5;1;ASK;25721,25;25722,25
2025-12-09 00:04:40.676;25721,25;1;ASK;25720,5;25721,5
2025-12-09 00:04:40.676;25721,0;1;ASK;25720,5;25721,5
2025-12-09 00:04:40.924;25720,75;1;BID;25720,5;25721,5
2025-12-09 00:04:41.448;25721,5;1;BID;25721,25;25722,25
2025-12-09 00:04:43.552;25721,0;1;ASK;25720,5;25721,5
2025-12-09 00:04:43.552;25721,0;1;ASK;25720,5;25721,5
2025-12-09 00:04:44.448;25721,0;1;ASK;25720,25;25721,0
2025-12-09 00:04:47.748;25720,75;1;ASK;25720,25;25721,25
2025-12-09 00:04:47.748;25720,75;1;ASK;25720,25;25721,25
2025-12-09 00:04:48.032;25721,25;1;ASK;25720,0;25721,0
2025-12-09 00:04:48.032;25721,5;1;ASK;25720,0;25721,0
2025-12-09 00:04:48.032;25721,5;1;ASK;25720,0;25721,0
2025-12-09 00:04:48.740;25720,5;1;ASK;25720,0;25721,0
2025-12-09 00:04:48.740;25720,25;1;BID;25720,0;25721,0
2025-12-09 00:04:48.740;25720,25;1;BID;25720,0;25721,0
2025-12-09 00:04:48.740;25720,25;1;BID;25720,0;25721,0
2025-12-09 00:04:48.792;25720,75;1;ASK;25720,0;25721,0
2025-12-09 00:04:48.792;25720,75;2;ASK;25720,0;25721,0
2025-12-09 00:04:49.552;25721,25;1;ASK;25720,5;25721,75
2025-12-09 00:04:50.044;25720,5;1;ASK;25719,5;25720,0
2025-12-09 00:04:50.360;25720,0;1;ASK;25719,5;25720,0
2025-12-09 00:04:50.360;25720,0;1;ASK;25719,5;25720,0
2025-12-09 00:04:50.360;25720,0;1;ASK;25719,5;25720,0
2025-12-09 00:04:50.360;25720,0;1;ASK;25719,5;25720,0
2025-12-09 00:04:50.360;25720,0;2;ASK;25719,5;25720,0
2025-12-09 00:04:50.360;25719,75;1;ASK;25719,5;25720,0
2025-12-09 00:04:50.360;25719,75;1;ASK;25719,5;25720,0
2025-12-09 00:04:50.360;25719,75;2;ASK;25719,5;25720,0
2025-12-09 00:04:50.360;25719,5;1;BID;25719,5;25720,0
2025-12-09 00:04:50.364;25719,5;3;BID;25719,5;25720,0
2025-12-09 00:04:52.008;25719,5;1;ASK;25719,0;25719,5
2025-12-09 00:04:52.252;25719,75;1;ASK;25719,0;25719,5
2025-12-09 00:04:52.576;25719,75;1;ASK;25719,0;25719,5
2025-12-09 00:04:53.072;25719,0;3;ASK;25718,25;25719,0
2025-12-09 00:04:53.072;25718,5;1;BID;25718,25;25719,0
2025-12-09 00:04:53.076;25718,5;1;BID;25718,25;25719,0
2025-12-09 00:04:53.648;25718,5;1;BID;25718,25;25719,0
2025-12-09 00:04:53.648;25718,5;1;BID;25718,25;25719,0
2025-12-09 00:04:53.944;25718,75;1;ASK;25718,25;25719,0
2025-12-09 00:04:54.748;25718,5;1;ASK;25717,5;25718,0
2025-12-09 00:04:54.748;25718,75;1;ASK;25717,5;25718,0
2025-12-09 00:04:54.748;25718,5;2;ASK;25717,5;25718,0
2025-12-09 00:04:54.748;25718,25;1;ASK;25717,5;25718,0
2025-12-09 00:04:54.748;25717,75;1;ASK;25717,5;25718,0
2025-12-09 00:04:54.748;25717,5;1;BID;25717,5;25718,0
2025-12-09 00:04:55.212;25717,5;1;BID;25717,75;25718,5
2025-12-09 00:04:55.676;25717,5;1;BID;25717,75;25718,5
2025-12-09 00:04:55.976;25718,25;1;ASK;25717,75;25718,5
2025-12-09 00:04:56.372;25717,75;1;BID;25718,25;25719,25
2025-12-09 00:04:57.096;25718,25;1;BID;25718,0;25718,75
2025-12-09 00:05:00.000;25717,25;1;BID;25717,25;25718,25
2025-12-09 00:05:00.088;25718,0;1;BID;25717,75;25718,5
2025-12-09 00:05:00.088;25718,0;1;BID;25717,75;25718,5
2025-12-09 00:05:00.260;25718,25;1;ASK;25717,75;25718,5
2025-12-09 00:05:00.836;25718,5;1;ASK;25717,75;25718,5
2025-12-09 00:05:00.836;25718,75;1;ASK;25717,75;25718,5
2025-12-09 00:05:02.124;25718,25;1;BID;25718,5;25719,5
2025-12-09 00:05:02.448;25718,25;1;BID;25718,5;25719,5
2025-12-09 00:05:03.048;25719,5;1;ASK;25718,75;25719,75
2025-12-09 00:05:03.048;25719,75;1;ASK;25718,75;25719,75
2025-12-09 00:05:03.048;25719,75;1;ASK;25718,75;25719,75
2025-12-09 00:05:03.232;25718,75;1;BID;25718,75;25719,75
2025-12-09 00:05:04.012;25719,75;1;ASK;25719,25;25720,25
2025-12-09 00:05:04.012;25719,25;1;BID;25719,25;25720,25
2025-12-09 00:05:04.028;25719,5;1;BID;25719,25;25720,25
2025-12-09 00:05:04.988;25719,75;1;ASK;25719,25;25720,25
2025-12-09 00:05:04.988;25719,75;2;ASK;25719,25;25720,25
2025-12-09 00:05:04.988;25719,75;1;ASK;25719,25;25720,25
2025-12-09 00:05:04.988;25719,5;1;BID;25719,25;25720,25
2025-12-09 00:05:07.728;25719,25;1;ASK;25718,5;25719,5
2025-12-09 00:05:07.728;25719,25;1;ASK;25718,5;25719,5
2025-12-09 00:05:08.984;25719,5;1;ASK;25718,75;25719,75
2025-12-09 00:05:09.600;25719,75;1;ASK;25719,25;25720,0
2025-12-09 00:05:09.600;25720,0;1;ASK;25719,25;25720,0
2025-12-09 00:05:09.600;25720,0;1;ASK;25719,25;25720,0
2025-12-09 00:05:09.600;25720,0;4;ASK;25719,25;25720,0
2025-12-09 00:05:11.108;25719,5;1;BID;25719,25;25720,0
2025-12-09 00:05:11.516;25719,5;1;BID;25719,25;25720,0
2025-12-09 00:05:11.516;25719,5;1;BID;25719,25;25720,0
2025-12-09 00:05:11.516;25719,5;1;BID;25719,25;25720,0
2025-12-09 00:05:11.516;25719,5;1;BID;25719,25;25720,0
2025-12-09 00:05:11.516;25719,5;2;BID;25719,25;25720,0
2025-12-09 00:05:11.520;25719,5;1;BID;25719,25;25720,0
2025-12-09 00:05:11.520;25719,75;1;ASK;25719,25;25720,0
2025-12-09 00:05:11.520;25719,75;1;ASK;25719,25;25720,0
2025-12-09 00:05:11.520;25719,75;1;ASK;25719,25;25720,0
2025-12-09 00:05:11.532;25719,75;1;ASK;25719,25;25720,0
2025-12-09 00:05:13.176;25720,0;1;ASK;25719,25;25720,0
2025-12-09 00:05:14.796;25720,0;1;BID;25720,0;25720,75
2025-12-09 00:05:14.796;25720,0;1;BID;25720,0;25720,75
2025-12-09 00:05:14.796;25720,0;1;BID;25720,0;25720,75
2025-12-09 00:05:14.800;25719,75;1;BID;25720,0;25720,75
2025-12-09 00:05:14.800;25720,0;1;BID;25720,0;25720,75
2025-12-09 00:05:14.808;25720,25;1;BID;25720,0;25720,75
2025-12-09 00:05:14.808;25720,75;1;ASK;25720,0;25720,75
2025-12-09 00:05:15.440;25720,25;1;BID;25720,25;25721,0
2025-12-09 00:05:16.808;25721,0;1;ASK;25720,5;25721,5
2025-12-09 00:05:16.808;25721,25;1;ASK;25720,5;25721,5
2025-12-09 00:05:16.808;25721,25;1;ASK;25720,5;25721,5
2025-12-09 00:05:16.808;25721,75;1;ASK;25720,5;25721,5
2025-12-09 00:05:17.424;25721,75;1;ASK;25721,25;25722,0
2025-12-09 00:05:17.804;25721,75;1;ASK;25721,25;25722,0
2025-12-09 00:05:17.804;25722,0;1;ASK;25721,25;25722,0
2025-12-09 00:05:18.880;25721,0;1;BID;25720,75;25721,5
2025-12-09 00:05:19.312;25721,5;1;ASK;25721,0;25722,0
2025-12-09 00:05:20.924;25721,25;3;BID;25721,25;25722,0
2025-12-09 00:05:20.924;25721,5;1;BID;25721,25;25722,0
2025-12-09 00:05:21.344;25721,25;1;BID;25721,0;25721,75
2025-12-09 00:05:22.628;25722,0;1;ASK;25721,25;25722,0
2025-12-09 00:05:22.628;25721,25;1;BID;25721,25;25722,0
2025-12-09 00:05:23.048;25721,5;1;ASK;25721,0;25721,75
2025-12-09 00:05:25.952;25721,0;1;ASK;25720,0;25720,75
2025-12-09 00:05:25.952;25721,0;1;ASK;25720,0;25720,75
2025-12-09 00:05:25.952;25720,5;1;ASK;25720,0;25720,75
2025-12-09 00:05:27.468;25720,5;1;ASK;25720,0;25720,75
2025-12-09 00:05:27.924;25720,0;1;BID;25720,0;25720,75
2025-12-09 00:05:29.256;25720,25;1;BID;25720,0;25720,75
2025-12-09 00:05:31.764;25720,0;1;ASK;25718,25;25719,0
2025-12-09 00:05:31.764;25720,0;1;ASK;25718,25;25719,0
2025-12-09 00:05:31.764;25719,75;1;ASK;25718,25;25719,0
2025-12-09 00:05:34.200;25718,75;1;ASK;25718,25;25718,75
2025-12-09 00:05:35.700;25718,75;1;BID;25719,25;25720,25
2025-12-09 00:05:35.700;25719,25;1;BID;25719,25;25720,25
2025-12-09 00:05:35.700;25719,5;1;BID;25719,25;25720,25
2025-12-09 00:05:36.016;25719,75;1;ASK;25719,25;25720,0
2025-12-09 00:05:37.540;25719,25;1;BID;25719,0;25719,75
2025-12-09 00:05:37.540;25719,0;1;BID;25719,0;25719,75
2025-12-09 00:05:37.540;25718,75;1;BID;25719,0;25719,75
2025-12-09 00:05:37.540;25718,5;1;BID;25719,0;25719,75
2025-12-09 00:05:37.540;25718,25;1;BID;25719,0;25719,75
2025-12-09 00:05:37.564;25719,5;1;ASK;25719,0;25719,75
2025-12-09 00:05:38.696;25719,0;1;ASK;25718,0;25719,0
2025-12-09 00:05:39.548;25718,75;1;ASK;25718,0;25718,75
2025-12-09 00:05:40.712;25718,0;1;ASK;25716,75;25717,5
2025-12-09 00:05:40.712;25718,0;1;ASK;25716,75;25717,5
2025-12-09 00:05:40.712;25717,5;1;ASK;25716,75;25717,5
2025-12-09 00:05:40.712;25717,25;2;ASK;25716,75;25717,5
2025-12-09 00:05:40.716;25717,25;1;ASK;25716,75;25717,5
2025-12-09 00:05:40.720;25717,25;1;ASK;25716,75;25717,5
2025-12-09 00:05:41.060;25717,5;1;ASK;25717,0;25717,75
2025-12-09 00:05:41.740;25717,0;1;BID;25717,0;25717,75
2025-12-09 00:05:42.772;25717,0;1;BID;25716,75;25717,5
2025-12-09 00:05:42.772;25717,0;1;BID;25716,75;25717,5
2025-12-09 00:05:43.484;25716,75;1;ASK;25715,25;25716,0
2025-12-09 00:05:43.484;25716,75;1;ASK;25715,25;25716,0
2025-12-09 00:05:43.784;25716,0;1;ASK;25715,25;25716,0
2025-12-09 00:05:43.784;25715,75;1;ASK;25715,25;25716,0
2025-12-09 00:05:43.784;25715,75;1;ASK;25715,25;25716,0
2025-12-09 00:05:43.784;25715,0;1;BID;25715,25;25716,0
2025-12-09 00:05:43.784;25715,0;1;BID;25715,25;25716,0
2025-12-09 00:05:43.784;25715,0;1;BID;25715,25;25716,0
2025-12-09 00:05:44.168;25715,75;1;BID;25716,75;25718,5
2025-12-09 00:05:44.168;25716,25;1;BID;25716,75;25718,5
2025-12-09 00:05:44.168;25716,5;1;BID;25716,75;25718,5
2025-12-09 00:05:44.168;25716,75;1;BID;25716,75;25718,5
2025-12-09 00:05:44.168;25717,0;1;BID;25716,75;25718,5
2025-12-09 00:05:44.168;25717,25;1;BID;25716,75;25718,5
2025-12-09 00:05:44.168;25717,25;1;BID;25716,75;25718,5
2025-12-09 00:05:44.168;25717,5;1;BID;25716,75;25718,5
2025-12-09 00:05:44.168;25717,5;1;BID;25716,75;25718,5
2025-12-09 00:05:44.184;25716,75;1;BID;25716,75;25718,5
2025-12-09 00:05:44.192;25717,75;1;ASK;25716,75;25718,5
2025-12-09 00:05:46.820;25716,75;1;BID;25716,5;25717,75
2025-12-09 00:05:46.820;25716,75;1;BID;25716,5;25717,75
2025-12-09 00:05:47.256;25717,75;1;ASK;25716,5;25717,5
2025-12-09 00:05:48.060;25717,5;1;ASK;25716,75;25717,75
2025-12-09 00:05:48.112;25717,75;1;ASK;25716,75;25717,75
2025-12-09 00:05:49.332;25716,75;1;ASK;25715,0;25716,25
2025-12-09 00:05:49.604;25716,0;1;ASK;25715,0;25716,25
2025-12-09 00:05:49.980;25715,75;1;ASK;25715,0;25716,25
2025-12-09 00:05:49.980;25715,75;1;ASK;25715,0;25716,25
2025-12-09 00:05:50.404;25715,0;1;ASK;25714,5;25715,25
2025-12-09 00:05:51.456;25714,5;1;ASK;25713,75;25714,75
2025-12-09 00:05:51.456;25714,5;1;ASK;25713,75;25714,75
2025-12-09 00:05:51.724;25714,0;1;BID;25713,75;25714,75
2025-12-09 00:05:51.900;25714,0;1;BID;25713,75;25714,75
2025-12-09 00:05:52.072;25713,75;1;BID;25714,0;25715,0
2025-12-09 00:05:52.072;25713,75;1;BID;25714,0;25715,0
2025-12-09 00:05:52.072;25713,75;1;BID;25714,0;25715,0
2025-12-09 00:05:52.072;25713,75;1;BID;25714,0;25715,0
2025-12-09 00:05:52.072;25713,5;1;BID;25714,0;25715,0
2025-12-09 00:05:52.072;25713,5;1;BID;25714,0;25715,0
2025-12-09 00:05:52.140;25713,5;1;BID;25714,0;25715,0
2025-12-09 00:05:52.372;25713,0;1;BID;25714,0;25715,0
2025-12-09 00:05:52.372;25712,75;1;BID;25714,0;25715,0
2025-12-09 00:05:52.392;25713,0;1;BID;25714,0;25715,0
2025-12-09 00:05:52.972;25713,0;1;BID;25714,0;25715,0
2025-12-09 00:05:52.972;25713,75;1;BID;25714,0;25715,0
2025-12-09 00:05:52.972;25714,0;1;BID;25714,0;25715,0
2025-12-09 00:05:52.972;25714,25;1;BID;25714,0;25715,0
2025-12-09 00:05:53.548;25714,0;1;BID;25714,5;25715,5
2025-12-09 00:05:53.548;25714,75;1;BID;25714,5;25715,5
2025-12-09 00:05:53.640;25714,25;1;BID;25714,5;25715,5
2025-12-09 00:05:54.012;25714,5;1;BID;25714,75;25715,5
2025-12-09 00:05:55.228;25714,5;1;BID;25714,5;25715,5
2025-12-09 00:05:55.732;25714,5;1;BID;25714,5;25715,5
2025-12-09 00:05:56.316;25714,5;1;BID;25714,5;25715,25
2025-12-09 00:05:56.512;25714,5;1;BID;25714,5;25715,25
2025-12-09 00:05:58.732;25714,5;1;BID;25714,5;25715,5
2025-12-09 00:05:59.044;25715,5;1;BID;25715,5;25716,5
2025-12-09 00:05:59.044;25715,75;1;BID;25715,5;25716,5
2025-12-09 00:06:00.680;25715,75;1;BID;25715,75;25716,75
2025-12-09 00:06:01.132;25715,75;1;ASK;25715,0;25716,0
2025-12-09 00:06:01.232;25715,5;1;ASK;25715,0;25716,0
2025-12-09 00:06:01.340;25715,5;1;ASK;25715,0;25716,0
2025-12-09 00:06:01.408;25715,5;1;ASK;25715,0;25716,0
2025-12-09 00:06:02.564;25716,25;1;BID;25717,25;25718,5
2025-12-09 00:06:02.564;25716,25;1;BID;25717,25;25718,5
2025-12-09 00:06:02.564;25716,5;1;BID;25717,25;25718,5
2025-12-09 00:06:02.564;25716,5;1;BID;25717,25;25718,5
2025-12-09 00:06:02.564;25716,75;5;BID;25717,25;25718,5
2025-12-09 00:06:02.564;25717,25;1;BID;25717,25;25718,5
2025-12-09 00:06:02.564;25717,5;1;BID;25717,25;25718,5
2025-12-09 00:06:02.564;25717,5;1;BID;25717,25;25718,5
2025-12-09 00:06:02.564;25717,75;1;BID;25717,25;25718,5
2025-12-09 00:06:02.564;25717,75;1;BID;25717,25;25718,5
2025-12-09 00:06:02.564;25717,75;1;BID;25717,25;25718,5
2025-12-09 00:06:02.564;25718,0;1;ASK;25717,25;25718,5
2025-12-09 00:06:02.564;25718,0;1;ASK;25717,25;25718,5
2025-12-09 00:06:02.564;25718,0;1;ASK;25717,25;25718,5
2025-12-09 00:06:02.564;25718,0;2;ASK;25717,25;25718,5
2025-12-09 00:06:02.564;25717,0;1;BID;25717,25;25718,5
2025-12-09 00:06:02.568;25717,0;1;BID;25717,25;25718,5
2025-12-09 00:06:02.616;25718,0;1;ASK;25717,25;25718,5
2025-12-09 00:06:02.616;25718,0;1;ASK;25717,25;25718,5
2025-12-09 00:06:03.448;25717,0;1;BID;25717,25;25718,25
2025-12-09 00:06:03.676;25718,0;1;ASK;25717,25;25718,25
2025-12-09 00:06:03.796;25717,5;1;BID;25717,25;25718,25
2025-12-09 00:06:06.220;25718,25;1;ASK;25716,75;25717,75
2025-12-09 00:06:06.220;25718,0;1;ASK;25716,75;25717,75
2025-12-09 00:06:06.896;25717,5;1;ASK;25716,75;25717,75
2025-12-09 00:06:06.896;25717,5;1;ASK;25716,75;25717,75
2025-12-09 00:06:08.372;25718,75;1;ASK;25718,25;25719,25
2025-12-09 00:06:08.372;25719,0;1;ASK;25718,25;25719,25
2025-12-09 00:06:08.372;25719,25;1;ASK;25718,25;25719,25
2025-12-09 00:06:08.384;25718,5;1;BID;25718,25;25719,25
2025-12-09 00:06:09.200;25719,25;1;ASK;25718,25;25719,25
2025-12-09 00:06:09.424;25718,25;1;BID;25718,25;25719,25
2025-12-09 00:06:09.424;25718,0;1;BID;25718,25;25719,25
2025-12-09 00:06:09.500;25718,75;1;ASK;25718,25;25719,25
2025-12-09 00:06:10.340;25718,5;1;BID;25718,75;25719,75
2025-12-09 00:06:12.028;25718,25;1;BID;25718,75;25719,75
2025-12-09 00:06:12.672;25719,25;1;ASK;25718,75;25719,75
2025-12-09 00:06:12.692;25718,75;1;BID;25718,75;25719,75
2025-12-09 00:06:12.692;25718,5;1;BID;25718,75;25719,75
2025-12-09 00:06:12.692;25718,5;1;BID;25718,75;25719,75
2025-12-09 00:06:12.692;25718,5;1;BID;25718,75;25719,75
2025-12-09 00:06:12.692;25718,25;1;BID;25718,75;25719,75
2025-12-09 00:06:12.692;25718,25;1;BID;25718,75;25719,75
2025-12-09 00:06:12.692;25718,25;1;BID;25718,75;25719,75
2025-12-09 00:06:12.760;25719,0;1;BID;25718,75;25719,75
2025-12-09 00:06:13.560;25719,0;1;BID;25718,75;25719,75
2025-12-09 00:06:14.352;25720,0;1;ASK;25719,0;25720,0
2025-12-09 00:06:14.364;25719,5;1;ASK;25719,0;25720,0
2025-12-09 00:06:14.420;25719,0;1;BID;25719,0;25720,0
2025-12-09 00:06:14.668;25719,75;1;ASK;25719,0;25720,0
2025-12-09 00:06:14.764;25720,5;1;ASK;25719,0;25720,0
2025-12-09 00:06:14.764;25720,75;1;ASK;25719,0;25720,0
2025-12-09 00:06:14.764;25720,75;1;ASK;25719,0;25720,0
2025-12-09 00:06:14.980;25719,75;1;ASK;25719,0;25720,0
2025-12-09 00:06:15.768;25720,0;1;ASK;25719,5;25720,5
2025-12-09 00:06:16.612;25719,75;1;ASK;25719,25;25720,0
2025-12-09 00:06:17.844;25719,25;1;BID;25719,0;25719,75
2025-12-09 00:06:18.416;25719,5;1;ASK;25719,0;25720,0
2025-12-09 00:06:22.424;25720,0;1;ASK;25719,0;25720,25
2025-12-09 00:06:22.424;25720,5;1;ASK;25719,0;25720,25
2025-12-09 00:06:23.000;25719,5;1;BID;25719,0;25720,25
2025-12-09 00:06:24.504;25719,25;1;ASK;25718,25;25719,25
2025-12-09 00:06:24.732;25719,25;1;ASK;25718,25;25719,25
2025-12-09 00:06:24.732;25719,0;1;ASK;25718,25;25719,25
2025-12-09 00:06:24.736;25718,75;1;ASK;25718,25;25719,25
2025-12-09 00:06:24.792;25719,25;1;ASK;25718,25;25719,25
2025-12-09 00:06:24.792;25719,25;1;ASK;25718,25;25719,25
2025-12-09 00:06:24.792;25719,5;1;ASK;25718,25;25719,25
2025-12-09 00:06:24.796;25718,75;1;ASK;25718,25;25719,25
2025-12-09 00:06:24.804;25719,0;1;ASK;25718,25;25719,25
2025-12-09 00:06:24.904;25718,25;1;BID;25718,25;25719,25
2025-12-09 00:06:25.056;25719,5;1;BID;25720,75;25721,25
2025-12-09 00:06:25.084;25719,75;1;BID;25720,75;25721,25
2025-12-09 00:06:25.672;25720,75;1;BID;25720,75;25721,25
2025-12-09 00:06:25.684;25721,0;2;ASK;25720,75;25721,25
2025-12-09 00:06:25.684;25720,75;1;BID;25720,75;25721,25
2025-12-09 00:06:27.084;25720,75;1;ASK;25719,75;25720,75
2025-12-09 00:06:27.260;25720,75;1;ASK;25719,75;25720,75
2025-12-09 00:06:27.468;25720,25;1;ASK;25719,75;25720,75
2025-12-09 00:06:27.468;25720,5;1;ASK;25719,75;25720,75
2025-12-09 00:06:27.504;25720,0;1;BID;25719,75;25720,75
2025-12-09 00:06:28.048;25719,75;1;BID;25719,5;25720,5
2025-12-09 00:06:30.684;25719,5;1;BID;25719,5;25720,25
2025-12-09 00:06:31.420;25720,25;1;ASK;25719,5;25720,5
2025-12-09 00:06:31.420;25720,75;1;ASK;25719,5;25720,5
2025-12-09 00:06:31.444;25720,5;1;ASK;25719,5;25720,5
2025-12-09 00:06:32.232;25719,5;1;BID;25719,5;25720,25
2025-12-09 00:06:33.260;25719,5;1;ASK;25718,75;25719,5
2025-12-09 00:06:33.676;25719,5;1;ASK;25718,75;25719,5
2025-12-09 00:06:34.264;25718,75;1;BID;25718,5;25719,25
2025-12-09 00:06:35.052;25719,25;1;ASK;25718,5;25719,25
2025-12-09 00:06:37.056;25718,5;1;BID;25719,5;25720,25
2025-12-09 00:06:37.976;25719,5;1;BID;25719,5;25720,25
2025-12-09 00:06:37.976;25719,5;1;BID;25719,5;25720,25
2025-12-09 00:06:38.520;25720,0;1;BID;25719,75;25720,75
2025-12-09 00:06:39.084;25719,75;1;BID;25719,75;25720,5
2025-12-09 00:06:39.852;25719,75;1;BID;25719,75;25720,5
2025-12-09 00:06:40.904;25719,75;1;BID;25719,5;25720,5
2025-12-09 00:06:41.824;25719,75;1;BID;25719,75;25720,5
2025-12-09 00:06:42.036;25719,75;1;BID;25720,5;25721,25
2025-12-09 00:06:42.720;25721,0;1;ASK;25720,5;25721,25
2025-12-09 00:06:42.720;25721,0;1;ASK;25720,5;25721,25
2025-12-09 00:06:42.720;25721,0;1;ASK;25720,5;25721,25
2025-12-09 00:06:43.440;25720,5;1;ASK;25720,0;25720,75
2025-12-09 00:06:44.048;25720,0;1;BID;25720,5;25721,5
2025-12-09 00:06:44.568;25721,0;1;ASK;25720,5;25721,5
2025-12-09 00:06:44.832;25721,0;1;ASK;25720,5;25721,5
2025-12-09 00:06:44.832;25721,25;1;ASK;25720,5;25721,5
2025-12-09 00:06:44.832;25721,5;1;ASK;25720,5;25721,5
2025-12-09 00:06:44.832;25721,5;1;ASK;25720,5;25721,5
2025-12-09 00:06:44.832;25721,75;1;ASK;25720,5;25721,5
2025-12-09 00:06:45.560;25720,25;1;BID;25720,0;25721,0
2025-12-09 00:06:45.560;25720,25;1;BID;25720,0;25721,0
2025-12-09 00:06:47.100;25721,25;1;ASK;25720,25;25721,25
2025-12-09 00:06:49.468;25721,0;1;ASK;25720,25;25721,25
2025-12-09 00:06:50.868;25721,25;1;ASK;25720,25;25721,5
2025-12-09 00:06:51.340;25720,25;1;BID;25721,25;25722,0
2025-12-09 00:06:51.340;25720,25;1;BID;25721,25;25722,0
2025-12-09 00:06:51.340;25720,25;1;BID;25721,25;25722,0
2025-12-09 00:06:51.340;25720,25;1;BID;25721,25;25722,0
2025-12-09 00:06:51.340;25720,0;1;BID;25721,25;25722,0
2025-12-09 00:06:51.368;25721,25;1;BID;25721,25;25722,0
2025-12-09 00:06:51.416;25721,75;1;ASK;25721,25;25722,0
2025-12-09 00:06:51.416;25721,75;1;ASK;25721,25;25722,0
2025-12-09 00:06:51.580;25722,0;1;ASK;25721,25;25722,0
2025-12-09 00:06:51.580;25722,0;1;ASK;25721,25;25722,0
2025-12-09 00:06:51.580;25722,0;1;ASK;25721,25;25722,0
2025-12-09 00:06:51.580;25722,25;1;ASK;25721,25;25722,0
2025-12-09 00:06:52.276;25721,5;1;BID;25721,25;25722,25
2025-12-09 00:06:53.652;25722,25;1;ASK;25721,5;25722,25
2025-12-09 00:06:54.744;25722,5;3;ASK;25722,0;25722,5
2025-12-09 00:06:54.744;25722,5;1;ASK;25722,0;25722,5
2025-12-09 00:06:54.744;25722,75;1;ASK;25722,0;25722,5
2025-12-09 00:06:56.900;25722,25;1;BID;25722,25;25723,0
2025-12-09 00:06:57.040;25723,0;1;ASK;25722,0;25722,75
2025-12-09 00:06:57.500;25722,5;1;ASK;25722,0;25722,75
2025-12-09 00:06:58.052;25722,75;1;ASK;25721,25;25722,0
2025-12-09 00:06:58.824;25722,5;1;ASK;25721,25;25722,0
2025-12-09 00:07:00.176;25722,0;1;BID;25721,75;25722,5
2025-12-09 00:07:00.340;25722,0;1;BID;25721,75;25722,5
2025-12-09 00:07:00.740;25722,25;1;ASK;25721,75;25722,5
2025-12-09 00:07:00.740;25722,5;2;ASK;25721,75;25722,5
2025-12-09 00:07:00.740;25722,5;1;ASK;25721,75;25722,5
2025-12-09 00:07:00.740;25722,75;1;ASK;25721,75;25722,5
2025-12-09 00:07:00.744;25721,75;1;BID;25721,75;25722,5
2025-12-09 00:07:01.884;25721,5;1;ASK;25721,25;25721,75
2025-12-09 00:07:01.884;25721,25;1;BID;25721,25;25721,75
2025-12-09 00:07:03.004;25721,75;1;BID;25721,5;25722,25
2025-12-09 00:07:03.032;25721,75;2;BID;25721,5;25722,25
2025-12-09 00:07:06.008;25722,25;1;ASK;25721,75;25722,5
2025-12-09 00:07:06.552;25722,5;1;ASK;25721,75;25722,5
2025-12-09 00:07:06.552;25722,75;1;ASK;25721,75;25722,5
2025-12-09 00:07:06.552;25723,0;2;ASK;25721,75;25722,5
2025-12-09 00:07:06.552;25723,0;1;ASK;25721,75;25722,5
2025-12-09 00:07:07.632;25722,0;1;BID;25722,0;25722,75
2025-12-09 00:07:07.632;25722,0;1;BID;25722,0;25722,75
2025-12-09 00:07:07.688;25722,25;1;BID;25722,0;25722,75
2025-12-09 00:07:08.924;25722,5;1;ASK;25722,0;25722,75
2025-12-09 00:07:11.032;25721,5;1;ASK;25721,25;25721,75
2025-12-09 00:07:11.960;25721,75;1;ASK;25721,25;25721,75
2025-12-09 00:07:11.960;25721,5;1;ASK;25721,25;25721,75
2025-12-09 00:07:11.964;25721,5;1;ASK;25721,25;25721,75
2025-12-09 00:07:11.972;25721,75;1;ASK;25721,25;25721,75
2025-12-09 00:07:12.260;25721,75;1;ASK;25720,75;25721,5
2025-12-09 00:07:12.260;25721,75;1;ASK;25720,75;25721,5
2025-12-09 00:07:12.508;25721,25;1;ASK;25720,75;25721,5
2025-12-09 00:07:13.972;25720,75;1;BID;25720,5;25721,25
2025-12-09 00:07:13.972;25721,0;1;ASK;25720,5;25721,25
2025-12-09 00:07:15.344;25721,0;1;ASK;25719,75;25720,5
2025-12-09 00:07:15.636;25719,25;1;BID;25719,75;25720,5
2025-12-09 00:07:15.636;25719,75;1;BID;25719,75;25720,5
2025-12-09 00:07:16.052;25719,75;1;ASK;25719,0;25719,75
2025-12-09 00:07:17.280;25719,75;1;BID;25719,75;25720,5
2025-12-09 00:07:17.280;25720,0;1;BID;25719,75;25720,5
2025-12-09 00:07:17.280;25720,0;1;BID;25719,75;25720,5
2025-12-09 00:07:19.020;25719,75;2;ASK;25719,25;25720,0
2025-12-09 00:07:19.020;25719,25;1;BID;25719,25;25720,0
2025-12-09 00:07:19.432;25719,75;1;ASK;25719,25;25720,0
2025-12-09 00:07:20.020;25719,25;1;BID;25719,0;25719,75
2025-12-09 00:07:20.020;25719,0;1;BID;25719,0;25719,75
2025-12-09 00:07:21.560;25720,0;1;ASK;25719,5;25720,25
2025-12-09 00:07:23.424;25719,25;1;ASK;25718,0;25718,75
2025-12-09 00:07:23.424;25719,0;1;ASK;25718,0;25718,75
2025-12-09 00:07:23.424;25719,5;1;ASK;25718,0;25718,75
2025-12-09 00:07:23.424;25719,25;1;ASK;25718,0;25718,75
2025-12-09 00:07:23.724;25719,0;1;ASK;25718,0;25718,75
2025-12-09 00:07:24.260;25718,75;1;BID;25720,0;25720,75
2025-12-09 00:07:24.552;25719,25;1;BID;25720,0;25720,75
2025-12-09 00:07:24.552;25719,5;3;BID;25720,0;25720,75
2025-12-09 00:07:24.624;25720,25;1;BID;25720,0;25720,75
2025-12-09 00:07:24.624;25720,5;1;ASK;25720,0;25720,75
2025-12-09 00:07:25.272;25720,0;1;BID;25719,75;25720,5
2025-12-09 00:07:26.368;25720,5;1;BID;25720,25;25721,25
2025-12-09 00:07:26.368;25720,75;1;ASK;25720,25;25721,25
2025-12-09 00:07:26.368;25721,0;1;ASK;25720,25;25721,25
2025-12-09 00:07:26.368;25721,0;1;ASK;25720,25;25721,25
2025-12-09 00:07:26.368;25721,0;1;ASK;25720,25;25721,25
2025-12-09 00:07:27.140;25720,25;1;ASK;25719,75;25720,5
2025-12-09 00:07:28.724;25719,75;1;BID;25720,0;25720,75
2025-12-09 00:07:29.780;25720,5;1;BID;25720,25;25721,0
2025-12-09 00:07:30.840;25720,25;1;ASK;25719,75;25720,5
2025-12-09 00:07:31.232;25720,0;1;ASK;25719,5;25720,25
2025-12-09 00:07:35.368;25720,0;1;BID;25719,75;25720,75
2025-12-09 00:07:35.368;25720,5;1;ASK;25719,75;25720,75
2025-12-09 00:07:35.368;25720,75;1;ASK;25719,75;25720,75
2025-12-09 00:07:35.368;25720,75;1;ASK;25719,75;25720,75
2025-12-09 00:07:35.368;25720,75;1;ASK;25719,75;25720,75
2025-12-09 00:07:35.368;25721,0;1;ASK;25719,75;25720,75
2025-12-09 00:07:37.188;25720,5;1;ASK;25720,0;25721,0
2025-12-09 00:07:38.380;25720,25;1;BID;25721,0;25721,75
2025-12-09 00:07:38.380;25721,0;1;BID;25721,0;25721,75
2025-12-09 00:07:38.384;25721,25;1;BID;25721,0;25721,75
2025-12-09 00:07:40.308;25721,0;1;ASK;25720,5;25721,25
2025-12-09 00:07:40.308;25720,75;1;BID;25720,5;25721,25
2025-12-09 00:07:40.308;25720,75;1;BID;25720,5;25721,25
2025-12-09 00:07:40.832;25720,75;1;BID;25720,5;25721,25
2025-12-09 00:07:40.832;25720,5;1;BID;25720,5;25721,25
2025-12-09 00:07:40.832;25720,25;1;BID;25720,5;25721,25
2025-12-09 00:07:41.012;25721,25;1;ASK;25720,5;25721,25
2025-12-09 00:07:43.220;25720,0;3;ASK;25719,25;25720,0
2025-12-09 00:07:43.220;25720,0;1;ASK;25719,25;25720,0
2025-12-09 00:07:43.220;25720,0;1;ASK;25719,25;25720,0
2025-12-09 00:07:43.472;25719,5;1;BID;25719,25;25720,0
2025-12-09 00:07:47.680;25719,25;1;BID;25719,0;25719,75
2025-12-09 00:07:47.684;25719,25;1;BID;25719,0;25719,75
2025-12-09 00:07:47.684;25719,25;1;BID;25719,0;25719,75
2025-12-09 00:07:49.560;25718,5;1;ASK;25718,0;25718,75
2025-12-09 00:07:50.792;25719,0;1;BID;25718,75;25719,5
2025-12-09 00:07:51.004;25718,75;1;ASK;25718,0;25718,75
2025-12-09 00:07:51.192;25718,5;1;ASK;25718,0;25718,75
2025-12-09 00:07:54.312;25718,75;1;BID;25718,5;25719,25
2025-12-09 00:07:55.528;25718,5;1;BID;25718,25;25719,0
2025-12-09 00:07:55.556;25718,5;1;BID;25718,25;25719,0
2025-12-09 00:07:57.904;25719,0;1;ASK;25718,5;25719,25
2025-12-09 00:07:59.076;25718,75;1;BID;25718,75;25719,5
2025-12-09 00:08:01.112;25718,5;1;BID;25718,25;25719,0
2025-12-09 00:08:01.308;25718,5;1;BID;25718,25;25719,0
2025-12-09 00:08:01.372;25718,0;1;BID;25718,25;25719,0
2025-12-09 00:08:01.372;25718,0;1;BID;25718,25;25719,0
2025-12-09 00:08:01.372;25718,0;2;BID;25718,25;25719,0
2025-12-09 00:08:01.372;25718,0;1;BID;25718,25;25719,0
2025-12-09 00:08:01.372;25718,25;1;BID;25718,25;25719,0
2025-12-09 00:08:01.372;25718,75;1;ASK;25718,25;25719,0
2025-12-09 00:08:03.600;25718,0;1;ASK;25717,75;25718,25
2025-12-09 00:08:03.636;25718,0;1;ASK;25717,75;25718,25
2025-12-09 00:08:03.636;25718,0;1;ASK;25717,75;25718,25
2025-12-09 00:08:03.636;25718,0;1;ASK;25717,75;25718,25
2025-12-09 00:08:04.120;25717,75;1;ASK;25717,0;25717,75
2025-12-09 00:08:05.500;25717,75;1;BID;25717,75;25718,5
2025-12-09 00:08:05.604;25718,0;1;BID;25717,75;25718,5
2025-12-09 00:08:06.264;25718,0;1;BID;25718,0;25718,75
2025-12-09 00:08:06.964;25718,0;1;BID;25718,0;25718,75
2025-12-09 00:08:07.976;25718,75;1;ASK;25718,25;25719,0
2025-12-09 00:08:08.980;25719,0;1;BID;25719,0;25719,5
2025-12-09 00:08:08.988;25719,5;1;ASK;25719,0;25719,5
2025-12-09 00:08:09.052;25719,5;2;ASK;25719,0;25719,75
2025-12-09 00:08:09.052;25719,5;2;ASK;25719,0;25719,75
2025-12-09 00:08:11.632;25719,0;1;ASK;25718,75;25719,25
2025-12-09 00:08:12.260;25719,25;1;ASK;25718,75;25719,5
2025-12-09 00:08:12.976;25719,0;1;BID;25718,75;25719,5
2025-12-09 00:08:15.068;25718,25;1;ASK;25716,5;25717,25
2025-12-09 00:08:15.068;25718,0;1;ASK;25716,5;25717,25
2025-12-09 00:08:15.068;25718,0;1;ASK;25716,5;25717,25
2025-12-09 00:08:15.068;25718,0;1;ASK;25716,5;25717,25
2025-12-09 00:08:15.068;25717,75;1;ASK;25716,5;25717,25
2025-12-09 00:08:15.072;25717,5;1;ASK;25716,5;25717,25
2025-12-09 00:08:16.204;25716,5;1;BID;25716,25;25717,0
2025-12-09 00:08:16.476;25716,5;1;BID;25716,25;25717,0
2025-12-09 00:08:16.476;25716,75;1;ASK;25716,25;25717,0
2025-12-09 00:08:18.116;25716,0;1;ASK;25715,25;25716,0
2025-12-09 00:08:19.376;25715,25;1;BID;25715,5;25716,0
2025-12-09 00:08:19.376;25715,0;1;BID;25715,5;25716,0
2025-12-09 00:08:19.700;25714,75;1;BID;25715,5;25716,0
2025-12-09 00:08:19.700;25714,75;1;BID;25715,5;25716,0
2025-12-09 00:08:19.952;25715,5;1;BID;25715,5;25716,0
2025-12-09 00:08:19.952;25715,5;1;BID;25715,5;25716,0
2025-12-09 00:08:19.952;25715,75;1;ASK;25715,5;25716,0
2025-12-09 00:08:20.072;25716,0;1;ASK;25715,5;25716,25
2025-12-09 00:08:20.244;25715,75;1;BID;25715,5;25716,25
2025-12-09 00:08:20.244;25715,5;1;BID;25715,5;25716,25
2025-12-09 00:08:20.424;25715,75;1;BID;25715,5;25716,25
2025-12-09 00:08:20.424;25715,5;1;BID;25715,5;25716,25
2025-12-09 00:08:20.768;25715,5;1;BID;25715,5;25716,25
2025-12-09 00:08:20.768;25715,25;1;BID;25715,5;25716,25
2025-12-09 00:08:22.644;25716,5;1;BID;25716,25;25717,0
2025-12-09 00:08:22.928;25716,5;1;BID;25716,25;25717,0
2025-12-09 00:08:23.040;25716,5;1;BID;25716,5;25717,25
2025-12-09 00:08:24.088;25716,25;1;BID;25716,25;25717,25
2025-12-09 00:08:25.228;25716,25;1;ASK;25715,75;25716,5
2025-12-09 00:08:26.108;25716,0;1;BID;25716,0;25716,75
2025-12-09 00:08:30.968;25715,75;1;ASK;25715,0;25715,75
2025-12-09 00:08:30.968;25715,5;1;ASK;25715,0;25715,75
2025-12-09 00:08:30.968;25715,5;1;ASK;25715,0;25715,75
2025-12-09 00:08:30.968;25715,5;1;ASK;25715,0;25715,75
2025-12-09 00:08:31.028;25715,75;1;ASK;25715,0;25716,0
2025-12-09 00:08:31.032;25716,5;1;ASK;25715,0;25716,0
2025-12-09 00:08:31.044;25716,0;1;ASK;25715,0;25716,0
2025-12-09 00:08:31.408;25715,5;1;ASK;25715,0;25716,0
2025-12-09 00:08:31.408;25715,5;1;ASK;25715,0;25716,0
2025-12-09 00:08:31.408;25715,25;1;BID;25715,0;25716,0
2025-12-09 00:08:31.408;25715,25;1;BID;25715,0;25716,0
2025-12-09 00:08:32.044;25715,0;1;BID;25715,0;25716,0
2025-12-09 00:08:33.640;25716,0;1;BID;25716,25;25717,25
2025-12-09 00:08:33.672;25716,5;1;BID;25716,25;25717,25
2025-12-09 00:08:33.928;25716,25;2;BID;25716,25;25717,25
2025-12-09 00:08:35.324;25716,5;1;ASK;25715,5;25716,5
2025-12-09 00:08:35.624;25716,75;1;ASK;25715,5;25716,5
2025-12-09 00:08:35.884;25716,25;1;ASK;25715,5;25716,5
2025-12-09 00:08:35.976;25716,25;1;ASK;25715,5;25716,5
2025-12-09 00:08:35.976;25716,25;1;ASK;25715,5;25716,5
2025-12-09 00:08:36.348;25717,0;1;ASK;25716,5;25717,5
2025-12-09 00:08:36.348;25717,0;1;ASK;25716,5;25717,5
2025-12-09 00:08:36.348;25717,25;1;ASK;25716,5;25717,5
2025-12-09 00:08:36.708;25717,25;1;ASK;25716,5;25717,5
2025-12-09 00:08:36.708;25717,0;1;ASK;25716,5;25717,5
2025-12-09 00:08:36.708;25717,0;1;ASK;25716,5;25717,5
2025-12-09 00:08:36.708;25717,0;1;ASK;25716,5;25717,5
2025-12-09 00:08:36.708;25717,0;1;ASK;25716,5;25717,5
2025-12-09 00:08:36.708;25716,75;1;BID;25716,5;25717,5
2025-12-09 00:08:36.708;25716,75;1;BID;25716,5;25717,5
2025-12-09 00:08:36.708;25716,75;1;BID;25716,5;25717,5
2025-12-09 00:08:36.708;25716,5;1;BID;25716,5;25717,5
2025-12-09 00:08:36.708;25716,5;1;BID;25716,5;25717,5
2025-12-09 00:08:42.324;25716,75;1;ASK;25716,25;25717,0
2025-12-09 00:08:45.040;25715,5;1;BID;25715,25;25716,25
2025-12-09 00:08:45.040;25715,25;1;BID;25715,25;25716,25
2025-12-09 00:08:45.040;25715,25;1;BID;25715,25;25716,25
2025-12-09 00:08:45.108;25715,0;1;BID;25715,25;25716,25
2025-12-09 00:08:45.256;25716,0;1;ASK;25715,25;25716,25
2025-12-09 00:08:46.300;25715,0;1;BID;25714,75;25715,75
2025-12-09 00:08:46.300;25715,0;1;BID;25714,75;25715,75
2025-12-09 00:08:46.300;25715,0;1;BID;25714,75;25715,75
2025-12-09 00:08:46.300;25714,75;1;BID;25714,75;25715,75
2025-12-09 00:08:46.300;25714,75;1;BID;25714,75;25715,75
2025-12-09 00:08:47.384;25715,75;1;ASK;25714,75;25715,5
2025-12-09 00:08:47.708;25715,25;1;ASK;25714,75;25715,5
2025-12-09 00:08:47.708;25715,25;1;ASK;25714,75;25715,5
2025-12-09 00:08:47.708;25715,0;1;BID;25714,75;25715,5
2025-12-09 00:08:47.708;25715,0;1;BID;25714,75;25715,5
2025-12-09 00:08:49.740;25714,75;1;BID;25714,75;25715,25
2025-12-09 00:08:49.740;25714,75;1;BID;25714,75;25715,25
2025-12-09 00:08:51.164;25714,75;1;ASK;25714,25;25715,0
2025-12-09 00:08:51.172;25715,25;1;ASK;25714,25;25715,0
2025-12-09 00:08:55.788;25714,5;1;BID;25714,25;25715,25
2025-12-09 00:08:56.420;25714,25;1;BID;25714,5;25715,25
2025-12-09 00:08:56.420;25714,25;1;BID;25714,5;25715,25
2025-12-09 00:08:57.028;25715,25;1;ASK;25714,25;25715,0
2025-12-09 00:08:57.128;25714,5;1;BID;25714,25;25715,0
2025-12-09 00:09:00.360;25714,5;1;ASK;25713,75;25714,25
2025-12-09 00:09:00.588;25714,0;1;ASK;25713,75;25714,25
2025-12-09 00:09:00.588;25714,0;1;ASK;25713,75;25714,25
2025-12-09 00:09:00.588;25714,0;1;ASK;25713,75;25714,25
2025-12-09 00:09:01.048;25713,75;1;ASK;25712,5;25713,0
