Timestamp          ; Precio  ; Volumen; Lado; Bid     ; Ask
2025-12-11 00:00:01; 25774,5 ;     128; ASK ; 25774,5 ; 25774,5
2025-12-11 00:00:02; 25773,0 ;      36; ASK ; 25773,0 ; 25773,0
2025-12-11 00:00:03; 25776,0 ;      20; ASK ; 25776,0 ; 25776,0
2025-12-11 00:00:04; 25779,25;      11; ASK ; 25779,25; 25779,25
2025-12-11 00:00:05; 25777,75;      23; ASK ; 25777,75; 25777,75
2025-12-11 00:00:06; 25778,25;      13; ASK ; 25778,25; 25778,25
2025-12-11 00:00:07; 25780,0 ;       4; ASK ; 25780,0 ; 25780,0
2025-12-11 00:00:08; 25781,5 ;      10; ASK ; 25781,5 ; 25781,5
2025-12-11 00:00:09; 25778,25;       7; ASK ; 25778,25; 25778,25
2025-12-11 00:00:10; 25778,25;       7; ASK ; 25778,25; 25778,25
2025-12-11 00:00:11; 25778,0 ;       8; ASK ; 25778,0 ; 25778,0
2025-12-11 00:00:12; 25776,75;      10; ASK ; 25776,75; 25776,75
2025-12-11 00:00:13; 25779,75;       9; ASK ; 25779,75; 25779,75
2025-12-11 00:00:14; 25780,75;       8; ASK ; 25780,75; 25780,75
2025-12-11 00:00:15; 25780,0 ;       9; ASK ; 25780,0 ; 25780,0
2025-12-11 00:00:16; 25780,5 ;       6; ASK ; 25780,5 ; 25780,5
2025-12-11 00:00:17; 25783,25;       4; ASK ; 25783,25; 25783,25
2025-12-11 00:00:18; 25782,5 ;       1; ASK ; 25782,5 ; 25782,5
2025-12-11 00:00:19; 25782,25;       6; ASK ; 25782,25; 25782,25
2025-12-11 00:00:20; 25780,0 ;       1; ASK ; 25780,0 ; 25780,0
2025-12-11 00:00:21; 25781,5 ;      20; ASK ; 25781,5 ; 25781,5
2025-12-11 00:00:22; 25782,25;       8; ASK ; 25782,25; 25782,25
2025-12-11 00:00:23; 25781,75;       1; ASK ; 25781,75; 25781,75
2025-12-11 00:00:25; 25781,75;       1; ASK ; 25781,75; 25781,75
2025-12-11 00:00:26; 25782,75;       4; ASK ; 25782,75; 25782,75
2025-12-11 00:00:27; 25783,25;       3; ASK ; 25783,25; 25783,25
2025-12-11 00:00:29; 25782,75;       3; ASK ; 25782,75; 25782,75
2025-12-11 00:00:30; 25784,5 ;       8; ASK ; 25784,5 ; 25784,5
2025-12-11 00:00:31; 25784,75;       1; ASK ; 25784,75; 25784,75
2025-12-11 00:00:32; 25782,75;       3; ASK ; 25782,75; 25782,75
2025-12-11 00:00:33; 25783,25;       9; ASK ; 25783,25; 25783,25
2025-12-11 00:00:36; 25784,0 ;       2; ASK ; 25784,0 ; 25784,0
2025-12-11 00:00:37; 25784,0 ;       4; ASK ; 25784,0 ; 25784,0
2025-12-11 00:00:38; 25783,0 ;       2; ASK ; 25783,0 ; 25783,0
2025-12-11 00:00:39; 25782,25;       1; ASK ; 25782,25; 25782,25
2025-12-11 00:00:40; 25783,75;       1; ASK ; 25783,75; 25783,75
2025-12-11 00:00:41; 25782,0 ;      17; ASK ; 25782,0 ; 25782,0
2025-12-11 00:00:42; 25780,5 ;       2; ASK ; 25780,5 ; 25780,5
2025-12-11 00:00:45; 25781,5 ;      12; ASK ; 25781,5 ; 25781,5
2025-12-11 00:00:46; 25781,5 ;       2; ASK ; 25781,5 ; 25781,5
2025-12-11 00:00:47; 25782,75;       1; ASK ; 25782,75; 25782,75
2025-12-11 00:00:48; 25780,75;       8; ASK ; 25780,75; 25780,75
2025-12-11 00:00:49; 25781,75;       3; ASK ; 25781,75; 25781,75
2025-12-11 00:00:51; 25782,5 ;       4; ASK ; 25782,5 ; 25782,5
2025-12-11 00:00:52; 25782,0 ;       2; ASK ; 25782,0 ; 25782,0
2025-12-11 00:00:53; 25783,75;       1; ASK ; 25783,75; 25783,75
2025-12-11 00:00:54; 25783,75;       2; ASK ; 25783,75; 25783,75
2025-12-11 00:00:55; 25785,0 ;      14; ASK ; 25785,0 ; 25785,0
2025-12-11 00:00:56; 25785,25;       3; ASK ; 25785,25; 25785,25
2025-12-11 00:00:57; 25784,5 ;       3; ASK ; 25784,5 ; 25784,5
2025-12-11 00:00:58; 25785,0 ;       1; ASK ; 25785,0 ; 25785,0
2025-12-11 00:00:59; 25786,75;       5; ASK ; 25786,75; 25786,75
2025-12-11 00:01:01; 25788,0 ;       8; ASK ; 25788,0 ; 25788,0
2025-12-11 00:01:02; 25788,0 ;       5; ASK ; 25788,0 ; 25788,0
2025-12-11 00:01:03; 25788,25;      15; ASK ; 25788,25; 25788,25
2025-12-11 00:01:04; 25788,25;       2; ASK ; 25788,25; 25788,25
2025-12-11 00:01:05; 25788,25;       3; ASK ; 25788,25; 25788,25
2025-12-11 00:01:06; 25788,0 ;      65; ASK ; 25788,0 ; 25788,0
2025-12-11 00:01:08; 25788,75;       1; ASK ; 25788,75; 25788,75
2025-12-11 00:01:09; 25787,25;       3; ASK ; 25787,25; 25787,25
2025-12-11 00:01:10; 25787,0 ;       3; ASK ; 25787,0 ; 25787,0
2025-12-11 00:01:11; 25783,75;       8; ASK ; 25783,75; 25783,75
2025-12-11 00:01:12; 25782,5 ;       2; ASK ; 25782,5 ; 25782,5
2025-12-11 00:01:13; 25784,0 ;       5; ASK ; 25784,0 ; 25784,0
2025-12-11 00:01:14; 25782,25;       2; ASK ; 25782,25; 25782,25
2025-12-11 00:01:15; 25782,75;       2; ASK ; 25782,75; 25782,75
2025-12-11 00:01:16; 25784,0 ;       7; ASK ; 25784,0 ; 25784,0
2025-12-11 00:01:18; 25781,5 ;       8; ASK ; 25781,5 ; 25781,5
2025-12-11 00:01:20; 25780,5 ;       1; ASK ; 25780,5 ; 25780,5
2025-12-11 00:01:21; 25781,0 ;       1; ASK ; 25781,0 ; 25781,0
2025-12-11 00:01:31; 25781,5 ;       2; ASK ; 25781,5 ; 25781,5
2025-12-11 00:01:33; 25782,5 ;       2; ASK ; 25782,5 ; 25782,5
2025-12-11 00:01:36; 25781,25;       3; ASK ; 25781,25; 25781,25
2025-12-11 00:01:37; 25780,75;       1; ASK ; 25780,75; 25780,75
2025-12-11 00:01:38; 25781,25;       1; ASK ; 25781,25; 25781,25
2025-12-11 00:01:41; 25781,75;       1; ASK ; 25781,75; 25781,75
2025-12-11 00:01:42; 25781,75;       3; ASK ; 25781,75; 25781,75
2025-12-11 00:01:44; 25781,0 ;       3; ASK ; 25781,0 ; 25781,0
2025-12-11 00:01:50; 25779,75;       9; ASK ; 25779,75; 25779,75
2025-12-11 00:01:53; 25779,75;       7; ASK ; 25779,75; 25779,75
2025-12-11 00:01:54; 25781,25;       2; ASK ; 25781,25; 25781,25
2025-12-11 00:01:56; 25781,5 ;       1; ASK ; 25781,5 ; 25781,5
2025-12-11 00:02:00; 25779,5 ;       5; ASK ; 25779,5 ; 25779,5
2025-12-11 00:02:01; 25778,5 ;       8; ASK ; 25778,5 ; 25778,5
2025-12-11 00:02:02; 25778,5 ;       1; ASK ; 25778,5 ; 25778,5
2025-12-11 00:02:03; 25778,75;       1; ASK ; 25778,75; 25778,75
2025-12-11 00:02:04; 25779,5 ;       2; ASK ; 25779,5 ; 25779,5
2025-12-11 00:02:08; 25779,0 ;       2; ASK ; 25779,0 ; 25779,0
2025-12-11 00:02:09; 25779,0 ;       2; ASK ; 25779,0 ; 25779,0
2025-12-11 00:02:10; 25777,5 ;       9; ASK ; 25777,5 ; 25777,5
2025-12-11 00:02:11; 25779,5 ;       3; ASK ; 25779,5 ; 25779,5
2025-12-11 00:02:12; 25778,5 ;       2; ASK ; 25778,5 ; 25778,5
2025-12-11 00:02:15; 25778,75;       1; ASK ; 25778,75; 25778,75
2025-12-11 00:02:16; 25780,0 ;       2; ASK ; 25780,0 ; 25780,0
2025-12-11 00:02:17; 25777,25;       5; ASK ; 25777,25; 25777,25
2025-12-11 00:02:18; 25780,5 ;       4; ASK ; 25780,5 ; 25780,5
2025-12-11 00:02:19; 25780,25;       2; ASK ; 25780,25; 25780,25
2025-12-11 00:02:22; 25779,75;       2; ASK ; 25779,75; 25779,75
2025-12-11 00:02:25; 25782,5 ;       8; ASK ; 25782,5 ; 25782,5
2025-12-11 00:02:26; 25781,5 ;       2; ASK ; 25781,5 ; 25781,5
2025-12-11 00:02:28; 25783,0 ;       1; ASK ; 25783,0 ; 25783,0
2025-12-11 00:02:31; 25781,75;       5; ASK ; 25781,75; 25781,75
2025-12-11 00:02:34; 25783,5 ;       1; ASK ; 25783,5 ; 25783,5
2025-12-11 00:02:37; 25784,0 ;       9; ASK ; 25784,0 ; 25784,0
2025-12-11 00:02:38; 25784,0 ;       5; ASK ; 25784,0 ; 25784,0
2025-12-11 00:02:39; 25784,0 ;       3; ASK ; 25784,0 ; 25784,0
2025-12-11 00:02:40; 25784,0 ;       5; ASK ; 25784,0 ; 25784,0
2025-12-11 00:02:41; 25784,0 ;       2; ASK ; 25784,0 ; 25784,0
2025-12-11 00:02:42; 25783,0 ;       7; ASK ; 25783,0 ; 25783,0
2025-12-11 00:02:43; 25781,25;       2; ASK ; 25781,25; 25781,25
2025-12-11 00:02:44; 25781,0 ;       2; ASK ; 25781,0 ; 25781,0
2025-12-11 00:02:45; 25782,25;       4; ASK ; 25782,25; 25782,25
2025-12-11 00:02:46; 25781,5 ;       2; ASK ; 25781,5 ; 25781,5
2025-12-11 00:02:47; 25782,0 ;       2; ASK ; 25782,0 ; 25782,0
2025-12-11 00:02:48; 25781,5 ;       2; ASK ; 25781,5 ; 25781,5
2025-12-11 00:02:49; 25781,5 ;       2; ASK ; 25781,5 ; 25781,5
2025-12-11 00:02:50; 25781,25;       1; ASK ; 25781,25; 25781,25
2025-12-11 00:02:51; 25781,25;       1; ASK ; 25781,25; 25781,25
2025-12-11 00:02:53; 25781,25;       1; ASK ; 25781,25; 25781,25
2025-12-11 00:02:54; 25780,25;       2; ASK ; 25780,25; 25780,25
2025-12-11 00:02:55; 25781,0 ;       1; ASK ; 25781,0 ; 25781,0
2025-12-11 00:02:58; 25781,75;       1; ASK ; 25781,75; 25781,75
2025-12-11 00:03:00; 25781,5 ;       2; ASK ; 25781,5 ; 25781,5
2025-12-11 00:03:01; 25781,0 ;       1; ASK ; 25781,0 ; 25781,0
2025-12-11 00:03:02; 25780,75;       1; ASK ; 25780,75; 25780,75
2025-12-11 00:03:14; 25781,5 ;       3; ASK ; 25781,5 ; 25781,5
2025-12-11 00:03:16; 25780,25;       7; ASK ; 25780,25; 25780,25
2025-12-11 00:03:17; 25779,75;       9; ASK ; 25779,75; 25779,75
2025-12-11 00:03:19; 25779,25;       4; ASK ; 25779,25; 25779,25
2025-12-11 00:03:20; 25779,25;       1; ASK ; 25779,25; 25779,25
2025-12-11 00:03:23; 25777,75;       8; ASK ; 25777,75; 25777,75
2025-12-11 00:03:24; 25778,0 ;       6; ASK ; 25778,0 ; 25778,0
2025-12-11 00:03:25; 25776,25;      12; ASK ; 25776,25; 25776,25
2025-12-11 00:03:27; 25776,25;       6; ASK ; 25776,25; 25776,25
2025-12-11 00:03:28; 25774,75;       2; ASK ; 25774,75; 25774,75
2025-12-11 00:03:29; 25774,0 ;       8; ASK ; 25774,0 ; 25774,0
2025-12-11 00:03:32; 25775,0 ;       1; ASK ; 25775,0 ; 25775,0
2025-12-11 00:03:34; 25774,75;       8; ASK ; 25774,75; 25774,75
2025-12-11 00:03:35; 25775,0 ;       1; ASK ; 25775,0 ; 25775,0
2025-12-11 00:03:36; 25775,0 ;       1; ASK ; 25775,0 ; 25775,0
2025-12-11 00:03:37; 25775,25;       4; ASK ; 25775,25; 25775,25
2025-12-11 00:03:40; 25775,0 ;       2; ASK ; 25775,0 ; 25775,0
2025-12-11 00:03:41; 25774,25;       5; ASK ; 25774,25; 25774,25
2025-12-11 00:03:42; 25773,25;       1; ASK ; 25773,25; 25773,25
2025-12-11 00:03:43; 25775,0 ;       1; ASK ; 25775,0 ; 25775,0
2025-12-11 00:03:44; 25774,5 ;       2; ASK ; 25774,5 ; 25774,5
2025-12-11 00:03:46; 25771,0 ;      21; ASK ; 25771,0 ; 25771,0
2025-12-11 00:03:47; 25770,0 ;       6; ASK ; 25770,0 ; 25770,0
2025-12-11 00:03:48; 25770,0 ;       4; ASK ; 25770,0 ; 25770,0
2025-12-11 00:03:49; 25769,0 ;       4; ASK ; 25769,0 ; 25769,0
2025-12-11 00:03:50; 25769,5 ;       1; ASK ; 25769,5 ; 25769,5
2025-12-11 00:03:51; 25769,75;       2; ASK ; 25769,75; 25769,75
2025-12-11 00:03:52; 25770,5 ;      10; ASK ; 25770,5 ; 25770,5
2025-12-11 00:03:54; 25770,75;       2; ASK ; 25770,75; 25770,75
2025-12-11 00:03:55; 25768,5 ;      17; ASK ; 25768,5 ; 25768,5
2025-12-11 00:03:57; 25769,25;       1; ASK ; 25769,25; 25769,25
2025-12-11 00:04:01; 25769,5 ;       2; ASK ; 25769,5 ; 25769,5
2025-12-11 00:04:03; 25770,0 ;       3; ASK ; 25770,0 ; 25770,0
2025-12-11 00:04:04; 25771,5 ;       8; ASK ; 25771,5 ; 25771,5
2025-12-11 00:04:05; 25768,25;       4; ASK ; 25768,25; 25768,25
2025-12-11 00:04:06; 25769,25;       1; ASK ; 25769,25; 25769,25
2025-12-11 00:04:08; 25770,0 ;       6; ASK ; 25770,0 ; 25770,0
2025-12-11 00:04:09; 25769,75;       1; ASK ; 25769,75; 25769,75
2025-12-11 00:04:10; 25768,25;      68; ASK ; 25768,25; 25768,25
2025-12-11 00:04:14; 25768,75;       2; ASK ; 25768,75; 25768,75
2025-12-11 00:04:15; 25769,25;       2; ASK ; 25769,25; 25769,25
2025-12-11 00:04:16; 25770,0 ;       3; ASK ; 25770,0 ; 25770,0
2025-12-11 00:04:18; 25769,25;       3; ASK ; 25769,25; 25769,25
2025-12-11 00:04:19; 25769,0 ;       4; ASK ; 25769,0 ; 25769,0
2025-12-11 00:04:20; 25770,5 ;       3; ASK ; 25770,5 ; 25770,5
2025-12-11 00:04:21; 25770,0 ;       2; ASK ; 25770,0 ; 25770,0
2025-12-11 00:04:22; 25770,75;       2; ASK ; 25770,75; 25770,75
2025-12-11 00:04:23; 25769,5 ;       2; ASK ; 25769,5 ; 25769,5
2025-12-11 00:04:24; 25770,0 ;       2; ASK ; 25770,0 ; 25770,0
2025-12-11 00:04:25; 25769,75;      22; ASK ; 25769,75; 25769,75
2025-12-11 00:04:26; 25770,25;       1; ASK ; 25770,25; 25770,25
2025-12-11 00:04:29; 25769,5 ;       3; ASK ; 25769,5 ; 25769,5
2025-12-11 00:04:30; 25770,0 ;       4; ASK ; 25770,0 ; 25770,0
2025-12-11 00:04:31; 25769,25;       1; ASK ; 25769,25; 25769,25
2025-12-11 00:04:33; 25770,0 ;       4; ASK ; 25770,0 ; 25770,0
2025-12-11 00:04:34; 25769,75;       3; ASK ; 25769,75; 25769,75
2025-12-11 00:04:38; 25770,5 ;       2; ASK ; 25770,5 ; 25770,5
2025-12-11 00:04:39; 25770,75;       3; ASK ; 25770,75; 25770,75
2025-12-11 00:04:40; 25768,5 ;      20; ASK ; 25768,5 ; 25768,5
2025-12-11 00:04:41; 25767,75;       1; ASK ; 25767,75; 25767,75
2025-12-11 00:04:43; 25769,5 ;       1; ASK ; 25769,5 ; 25769,5
2025-12-11 00:04:45; 25768,0 ;       4; ASK ; 25768,0 ; 25768,0
2025-12-11 00:04:46; 25768,25;       2; ASK ; 25768,25; 25768,25
2025-12-11 00:04:47; 25767,25;       3; ASK ; 25767,25; 25767,25
2025-12-11 00:04:48; 25766,75;       6; ASK ; 25766,75; 25766,75
2025-12-11 00:04:50; 25762,25;      53; ASK ; 25762,25; 25762,25
2025-12-11 00:04:51; 25762,0 ;       4; ASK ; 25762,0 ; 25762,0
2025-12-11 00:04:52; 25762,75;       1; ASK ; 25762,75; 25762,75
2025-12-11 00:04:53; 25763,25;       3; ASK ; 25763,25; 25763,25
2025-12-11 00:04:54; 25764,0 ;       1; ASK ; 25764,0 ; 25764,0
2025-12-11 00:04:55; 25762,75;       3; ASK ; 25762,75; 25762,75
2025-12-11 00:04:57; 25762,5 ;       1; ASK ; 25762,5 ; 25762,5
2025-12-11 00:04:58; 25762,5 ;       4; ASK ; 25762,5 ; 25762,5
2025-12-11 00:04:59; 25761,75;       1; ASK ; 25761,75; 25761,75
2025-12-11 00:05:00; 25761,75;       5; ASK ; 25761,75; 25761,75
2025-12-11 00:05:01; 25763,25;       6; ASK ; 25763,25; 25763,25
2025-12-11 00:05:02; 25763,5 ;       2; ASK ; 25763,5 ; 25763,5
2025-12-11 00:05:04; 25764,5 ;       3; ASK ; 25764,5 ; 25764,5
2025-12-11 00:05:06; 25765,0 ;      21; ASK ; 25765,0 ; 25765,0
2025-12-11 00:05:07; 25764,75;       1; ASK ; 25764,75; 25764,75
2025-12-11 00:05:08; 25764,75;       1; ASK ; 25764,75; 25764,75
2025-12-11 00:05:11; 25766,0 ;       1; ASK ; 25766,0 ; 25766,0
2025-12-11 00:05:15; 25767,5 ;       2; ASK ; 25767,5 ; 25767,5
2025-12-11 00:05:16; 25766,75;       6; ASK ; 25766,75; 25766,75
2025-12-11 00:05:18; 25766,0 ;       4; ASK ; 25766,0 ; 25766,0
2025-12-11 00:05:19; 25767,25;       1; ASK ; 25767,25; 25767,25
2025-12-11 00:05:20; 25767,5 ;       2; ASK ; 25767,5 ; 25767,5
2025-12-11 00:05:21; 25767,5 ;       1; ASK ; 25767,5 ; 25767,5
2025-12-11 00:05:22; 25767,25;       4; ASK ; 25767,25; 25767,25
2025-12-11 00:05:23; 25768,25;       6; ASK ; 25768,25; 25768,25
2025-12-11 00:05:24; 25768,25;       1; ASK ; 25768,25; 25768,25
2025-12-11 00:05:25; 25768,25;       1; ASK ; 25768,25; 25768,25
2025-12-11 00:05:26; 25767,25;       3; ASK ; 25767,25; 25767,25
2025-12-11 00:05:28; 25768,25;       2; ASK ; 25768,25; 25768,25
2025-12-11 00:05:31; 25768,25;       1; ASK ; 25768,25; 25768,25
2025-12-11 00:05:33; 25767,25;       2; ASK ; 25767,25; 25767,25
2025-12-11 00:05:34; 25767,25;       1; ASK ; 25767,25; 25767,25
2025-12-11 00:05:35; 25765,75;       9; ASK ; 25765,75; 25765,75
2025-12-11 00:05:36; 25766,25;       8; ASK ; 25766,25; 25766,25
2025-12-11 00:05:38; 25764,5 ;       1; ASK ; 25764,5 ; 25764,5
2025-12-11 00:05:39; 25765,25;       7; ASK ; 25765,25; 25765,25
2025-12-11 00:05:40; 25765,75;       3; ASK ; 25765,75; 25765,75
2025-12-11 00:05:41; 25766,0 ;       2; ASK ; 25766,0 ; 25766,0
2025-12-11 00:05:44; 25767,0 ;       1; ASK ; 25767,0 ; 25767,0
2025-12-11 00:05:45; 25767,75;       1; ASK ; 25767,75; 25767,75
2025-12-11 00:05:54; 25765,5 ;       1; ASK ; 25765,5 ; 25765,5
2025-12-11 00:05:55; 25765,0 ;       5; ASK ; 25765,0 ; 25765,0
2025-12-11 00:05:59; 25764,25;       2; ASK ; 25764,25; 25764,25
2025-12-11 00:06:00; 25764,0 ;       2; ASK ; 25764,0 ; 25764,0
2025-12-11 00:06:01; 25764,0 ;       1; ASK ; 25764,0 ; 25764,0
2025-12-11 00:06:05; 25764,0 ;       5; ASK ; 25764,0 ; 25764,0
2025-12-11 00:06:07; 25765,0 ;       1; ASK ; 25765,0 ; 25765,0
2025-12-11 00:06:15; 25763,25;       3; ASK ; 25763,25; 25763,25
2025-12-11 00:06:16; 25764,5 ;       2; ASK ; 25764,5 ; 25764,5
2025-12-11 00:06:20; 25764,0 ;       2; ASK ; 25764,0 ; 25764,0
2025-12-11 00:06:25; 25763,75;       1; ASK ; 25763,75; 25763,75
2025-12-11 00:06:28; 25763,0 ;       8; ASK ; 25763,0 ; 25763,0
2025-12-11 00:06:31; 25763,75;       2; ASK ; 25763,75; 25763,75
2025-12-11 00:06:43; 25763,75;       5; ASK ; 25763,75; 25763,75
2025-12-11 00:06:44; 25763,75;       1; ASK ; 25763,75; 25763,75
2025-12-11 00:06:52; 25763,75;       1; ASK ; 25763,75; 25763,75
2025-12-11 00:06:56; 25763,75;       5; ASK ; 25763,75; 25763,75
2025-12-11 00:07:00; 25762,5 ;       8; ASK ; 25762,5 ; 25762,5
2025-12-11 00:07:05; 25763,75;       1; ASK ; 25763,75; 25763,75
2025-12-11 00:07:09; 25763,5 ;      11; ASK ; 25763,5 ; 25763,5
2025-12-11 00:07:20; 25764,0 ;       3; ASK ; 25764,0 ; 25764,0
2025-12-11 00:07:21; 25764,25;       2; ASK ; 25764,25; 25764,25
2025-12-11 00:07:23; 25764,25;       1; ASK ; 25764,25; 25764,25
2025-12-11 00:07:24; 25764,5 ;       1; ASK ; 25764,5 ; 25764,5
2025-12-11 00:07:27; 25764,5 ;       1; ASK ; 25764,5 ; 25764,5
2025-12-11 00:07:28; 25764,5 ;       2; ASK ; 25764,5 ; 25764,5
2025-12-11 00:07:32; 25766,5 ;       3; ASK ; 25766,5 ; 25766,5
2025-12-11 00:07:33; 25767,25;       1; ASK ; 25767,25; 25767,25
2025-12-11 00:07:34; 25767,25;       4; ASK ; 25767,25; 25767,25
2025-12-11 00:07:36; 25767,0 ;       3; ASK ; 25767,0 ; 25767,0
2025-12-11 00:07:37; 25767,25;       1; ASK ; 25767,25; 25767,25
2025-12-11 00:07:38; 25767,25;       2; ASK ; 25767,25; 25767,25
2025-12-11 00:07:41; 25768,0 ;       5; ASK ; 25768,0 ; 25768,0
2025-12-11 00:07:42; 25768,25;       5; ASK ; 25768,25; 25768,25
2025-12-11 00:07:43; 25769,75;       7; ASK ; 25769,75; 25769,75
2025-12-11 00:07:45; 25769,0 ;       1; ASK ; 25769,0 ; 25769,0
2025-12-11 00:07:46; 25769,25;       5; ASK ; 25769,25; 25769,25
2025-12-11 00:07:47; 25768,5 ;       5; ASK ; 25768,5 ; 25768,5
2025-12-11 00:07:48; 25767,25;       1; ASK ; 25767,25; 25767,25
2025-12-11 00:07:49; 25768,5 ;       3; ASK ; 25768,5 ; 25768,5
2025-12-11 00:07:50; 25768,5 ;       1; ASK ; 25768,5 ; 25768,5
2025-12-11 00:08:00; 25767,75;       2; ASK ; 25767,75; 25767,75
2025-12-11 00:08:04; 25766,75;       2; ASK ; 25766,75; 25766,75
2025-12-11 00:08:06; 25766,0 ;       1; ASK ; 25766,0 ; 25766,0
2025-12-11 00:08:09; 25766,75;       1; ASK ; 25766,75; 25766,75
2025-12-11 00:08:10; 25767,5 ;       4; ASK ; 25767,5 ; 25767,5
2025-12-11 00:08:14; 25768,5 ;       1; ASK ; 25768,5 ; 25768,5
2025-12-11 00:08:15; 25768,5 ;       1; ASK ; 25768,5 ; 25768,5
2025-12-11 00:08:16; 25767,5 ;       1; ASK ; 25767,5 ; 25767,5
2025-12-11 00:08:17; 25767,5 ;       1; ASK ; 25767,5 ; 25767,5
2025-12-11 00:08:18; 25768,5 ;       2; ASK ; 25768,5 ; 25768,5
2025-12-11 00:08:25; 25766,75;      22; ASK ; 25766,75; 25766,75
2025-12-11 00:08:26; 25767,75;       2; ASK ; 25767,75; 25767,75
2025-12-11 00:08:27; 25767,75;       3; ASK ; 25767,75; 25767,75
2025-12-11 00:08:28; 25768,5 ;       4; ASK ; 25768,5 ; 25768,5
2025-12-11 00:08:29; 25768,0 ;       1; ASK ; 25768,0 ; 25768,0
2025-12-11 00:08:31; 25768,0 ;       2; ASK ; 25768,0 ; 25768,0
2025-12-11 00:08:35; 25768,5 ;       1; ASK ; 25768,5 ; 25768,5
2025-12-11 00:08:36; 25768,75;       1; ASK ; 25768,75; 25768,75
2025-12-11 00:08:37; 25769,5 ;       6; ASK ; 25769,5 ; 25769,5
2025-12-11 00:08:41; 25769,5 ;       1; ASK ; 25769,5 ; 25769,5
2025-12-11 00:08:42; 25770,25;       8; ASK ; 25770,25; 25770,25
2025-12-11 00:08:45; 25771,0 ;       2; ASK ; 25771,0 ; 25771,0
2025-12-11 00:08:47; 25771,0 ;       1; ASK ; 25771,0 ; 25771,0
2025-12-11 00:08:49; 25771,0 ;      10; ASK ; 25771,0 ; 25771,0
2025-12-11 00:08:51; 25771,0 ;       4; ASK ; 25771,0 ; 25771,0
2025-12-11 00:08:52; 25771,75;       5; ASK ; 25771,75; 25771,75
2025-12-11 00:08:53; 25772,75;       1; ASK ; 25772,75; 25772,75
2025-12-11 00:08:54; 25772,0 ;       1; ASK ; 25772,0 ; 25772,0
2025-12-11 00:08:55; 25772,25;       1; ASK ; 25772,25; 25772,25
2025-12-11 00:08:57; 25773,0 ;       1; ASK ; 25773,0 ; 25773,0
2025-12-11 00:08:58; 25773,5 ;       2; ASK ; 25773,5 ; 25773,5
2025-12-11 00:08:59; 25772,5 ;       8; ASK ; 25772,5 ; 25772,5
2025-12-11 00:09:00; 25771,5 ;       2; ASK ; 25771,5 ; 25771,5
2025-12-11 00:09:03; 25771,5 ;       1; ASK ; 25771,5 ; 25771,5
2025-12-11 00:09:06; 25772,25;       2; ASK ; 25772,25; 25772,25
2025-12-11 00:09:07; 25772,25;       2; ASK ; 25772,25; 25772,25
2025-12-11 00:09:08; 25772,75;       1; ASK ; 25772,75; 25772,75
2025-12-11 00:09:11; 25773,5 ;       3; ASK ; 25773,5 ; 25773,5
2025-12-11 00:09:12; 25773,5 ;       1; ASK ; 25773,5 ; 25773,5
2025-12-11 00:09:13; 25772,25;       1; ASK ; 25772,25; 25772,25
2025-12-11 00:09:15; 25773,0 ;       1; ASK ; 25773,0 ; 25773,0
2025-12-11 00:09:17; 25773,0 ;       9; ASK ; 25773,0 ; 25773,0
2025-12-11 00:09:18; 25772,75;       1; ASK ; 25772,75; 25772,75
2025-12-11 00:09:20; 25772,0 ;       1; ASK ; 25772,0 ; 25772,0
2025-12-11 00:09:22; 25770,25;       5; ASK ; 25770,25; 25770,25
2025-12-11 00:09:26; 25769,75;       1; ASK ; 25769,75; 25769,75
2025-12-11 00:09:27; 25769,25;       1; ASK ; 25769,25; 25769,25
2025-12-11 00:09:30; 25769,0 ;       2; ASK ; 25769,0 ; 25769,0
2025-12-11 00:09:31; 25767,0 ;       1; ASK ; 25767,0 ; 25767,0
2025-12-11 00:09:37; 25768,25;       1; ASK ; 25768,25; 25768,25
2025-12-11 00:09:39; 25770,25;       1; ASK ; 25770,25; 25770,25
2025-12-11 00:09:41; 25769,25;       1; ASK ; 25769,25; 25769,25
2025-12-11 00:09:47; 25767,5 ;      14; ASK ; 25767,5 ; 25767,5
2025-12-11 00:09:48; 25767,0 ;       6; ASK ; 25767,0 ; 25767,0
2025-12-11 00:09:49; 25768,0 ;       1; ASK ; 25768,0 ; 25768,0
2025-12-11 00:09:50; 25768,25;       1; ASK ; 25768,25; 25768,25
2025-12-11 00:09:52; 25767,25;       2; ASK ; 25767,25; 25767,25
2025-12-11 00:09:57; 25766,0 ;       2; ASK ; 25766,0 ; 25766,0
2025-12-11 00:09:58; 25766,5 ;       5; ASK ; 25766,5 ; 25766,5
2025-12-11 00:09:59; 25765,0 ;       4; ASK ; 25765,0 ; 25765,0
2025-12-11 00:10:00; 25765,25;       2; ASK ; 25765,25; 25765,25
2025-12-11 00:10:01; 25767,5 ;       3; ASK ; 25767,5 ; 25767,5
2025-12-11 00:10:02; 25765,75;       5; ASK ; 25765,75; 25765,75
2025-12-11 00:10:03; 25764,0 ;       6; ASK ; 25764,0 ; 25764,0
2025-12-11 00:10:04; 25764,5 ;       2; ASK ; 25764,5 ; 25764,5
2025-12-11 00:10:06; 25766,25;       1; ASK ; 25766,25; 25766,25
2025-12-11 00:10:07; 25765,75;       1; ASK ; 25765,75; 25765,75
2025-12-11 00:10:08; 25765,75;       1; ASK ; 25765,75; 25765,75
2025-12-11 00:10:10; 25764,75;       4; ASK ; 25764,75; 25764,75
2025-12-11 00:10:12; 25764,25;       2; ASK ; 25764,25; 25764,25
2025-12-11 00:10:16; 25763,75;       1; ASK ; 25763,75; 25763,75
2025-12-11 00:10:17; 25763,75;       1; ASK ; 25763,75; 25763,75
2025-12-11 00:10:19; 25764,5 ;       1; ASK ; 25764,5 ; 25764,5
2025-12-11 00:10:20; 25763,5 ;       2; ASK ; 25763,5 ; 25763,5
2025-12-11 00:10:21; 25764,25;       8; ASK ; 25764,25; 25764,25
2025-12-11 00:10:22; 25763,75;       6; ASK ; 25763,75; 25763,75
2025-12-11 00:10:27; 25764,5 ;       1; ASK ; 25764,5 ; 25764,5
2025-12-11 00:10:28; 25765,0 ;       1; ASK ; 25765,0 ; 25765,0
2025-12-11 00:10:30; 25764,5 ;       1; ASK ; 25764,5 ; 25764,5
2025-12-11 00:10:32; 25765,0 ;       2; ASK ; 25765,0 ; 25765,0
2025-12-11 00:10:34; 25766,0 ;       4; ASK ; 25766,0 ; 25766,0
2025-12-11 00:10:35; 25765,25;       1; ASK ; 25765,25; 25765,25
2025-12-11 00:10:36; 25765,0 ;       2; ASK ; 25765,0 ; 25765,0
2025-12-11 00:10:37; 25766,0 ;       1; ASK ; 25766,0 ; 25766,0
2025-12-11 00:10:38; 25766,5 ;       3; ASK ; 25766,5 ; 25766,5
2025-12-11 00:10:39; 25767,0 ;       1; ASK ; 25767,0 ; 25767,0
2025-12-11 00:10:44; 25766,25;       3; ASK ; 25766,25; 25766,25
2025-12-11 00:11:01; 25765,25;       2; ASK ; 25765,25; 25765,25
2025-12-11 00:11:03; 25762,5 ;      40; ASK ; 25762,5 ; 25762,5
2025-12-11 00:11:07; 25761,75;       2; ASK ; 25761,75; 25761,75
2025-12-11 00:11:10; 25761,75;       6; ASK ; 25761,75; 25761,75
2025-12-11 00:11:11; 25761,0 ;       2; ASK ; 25761,0 ; 25761,0
2025-12-11 00:11:12; 25762,25;       4; ASK ; 25762,25; 25762,25
2025-12-11 00:11:13; 25761,5 ;       3; ASK ; 25761,5 ; 25761,5
2025-12-11 00:11:15; 25762,0 ;       1; ASK ; 25762,0 ; 25762,0
2025-12-11 00:11:17; 25761,75;       1; ASK ; 25761,75; 25761,75
2025-12-11 00:11:18; 25761,0 ;       5; ASK ; 25761,0 ; 25761,0
2025-12-11 00:11:20; 25760,5 ;       5; ASK ; 25760,5 ; 25760,5
2025-12-11 00:11:24; 25760,25;       6; ASK ; 25760,25; 25760,25
2025-12-11 00:11:25; 25761,25;      17; ASK ; 25761,25; 25761,25
2025-12-11 00:11:26; 25761,25;       1; ASK ; 25761,25; 25761,25
2025-12-11 00:11:30; 25762,5 ;       1; ASK ; 25762,5 ; 25762,5
2025-12-11 00:11:32; 25761,5 ;       1; ASK ; 25761,5 ; 25761,5
2025-12-11 00:11:33; 25762,5 ;       2; ASK ; 25762,5 ; 25762,5
2025-12-11 00:11:36; 25763,75;       2; ASK ; 25763,75; 25763,75
2025-12-11 00:11:37; 25764,5 ;       1; ASK ; 25764,5 ; 25764,5
2025-12-11 00:11:38; 25764,25;       1; ASK ; 25764,25; 25764,25
2025-12-11 00:11:44; 25763,5 ;       2; ASK ; 25763,5 ; 25763,5
2025-12-11 00:11:45; 25762,5 ;       4; ASK ; 25762,5 ; 25762,5
2025-12-11 00:12:02; 25762,0 ;       1; ASK ; 25762,0 ; 25762,0
2025-12-11 00:12:10; 25763,0 ;       4; ASK ; 25763,0 ; 25763,0
2025-12-11 00:12:31; 25764,0 ;       6; ASK ; 25764,0 ; 25764,0
2025-12-11 00:12:35; 25762,75;       1; ASK ; 25762,75; 25762,75
2025-12-11 00:12:38; 25764,0 ;       1; ASK ; 25764,0 ; 25764,0
2025-12-11 00:12:44; 25763,0 ;       1; ASK ; 25763,0 ; 25763,0
2025-12-11 00:12:49; 25762,75;       1; ASK ; 25762,75; 25762,75
2025-12-11 00:12:53; 25762,0 ;       1; ASK ; 25762,0 ; 25762,0
2025-12-11 00:12:56; 25763,0 ;       1; ASK ; 25763,0 ; 25763,0
2025-12-11 00:12:58; 25762,0 ;      10; ASK ; 25762,0 ; 25762,0
2025-12-11 00:12:59; 25761,5 ;       2; ASK ; 25761,5 ; 25761,5
2025-12-11 00:13:00; 25761,25;       1; ASK ; 25761,25; 25761,25
2025-12-11 00:13:01; 25762,0 ;       1; ASK ; 25762,0 ; 25762,0
2025-12-11 00:13:02; 25760,75;       4; ASK ; 25760,75; 25760,75
2025-12-11 00:13:03; 25760,5 ;       1; ASK ; 25760,5 ; 25760,5
2025-12-11 00:13:04; 25757,75;      34; ASK ; 25757,75; 25757,75
2025-12-11 00:13:05; 25758,75;       1; ASK ; 25758,75; 25758,75
2025-12-11 00:13:06; 25757,75;       1; ASK ; 25757,75; 25757,75
2025-12-11 00:13:08; 25757,75;       1; ASK ; 25757,75; 25757,75
2025-12-11 00:13:09; 25757,75;       3; ASK ; 25757,75; 25757,75
2025-12-11 00:13:11; 25757,5 ;      10; ASK ; 25757,5 ; 25757,5
2025-12-11 00:13:16; 25756,75;       4; ASK ; 25756,75; 25756,75
2025-12-11 00:13:18; 25755,5 ;      12; ASK ; 25755,5 ; 25755,5
2025-12-11 00:13:19; 25755,5 ;       2; ASK ; 25755,5 ; 25755,5
2025-12-11 00:13:20; 25755,75;      19; ASK ; 25755,75; 25755,75
2025-12-11 00:13:22; 25754,5 ;       1; ASK ; 25754,5 ; 25754,5
2025-12-11 00:13:23; 25754,5 ;       1; ASK ; 25754,5 ; 25754,5
2025-12-11 00:13:24; 25754,5 ;       2; ASK ; 25754,5 ; 25754,5
2025-12-11 00:13:26; 25753,5 ;       1; ASK ; 25753,5 ; 25753,5
2025-12-11 00:13:27; 25753,5 ;       4; ASK ; 25753,5 ; 25753,5
2025-12-11 00:13:28; 25754,75;       5; ASK ; 25754,75; 25754,75
2025-12-11 00:13:31; 25755,0 ;       3; ASK ; 25755,0 ; 25755,0
2025-12-11 00:13:32; 25754,0 ;       2; ASK ; 25754,0 ; 25754,0
2025-12-11 00:13:33; 25753,25;       3; ASK ; 25753,25; 25753,25
2025-12-11 00:13:34; 25753,0 ;       4; ASK ; 25753,0 ; 25753,0
2025-12-11 00:13:35; 25753,25;       1; ASK ; 25753,25; 25753,25
2025-12-11 00:13:38; 25752,5 ;       7; ASK ; 25752,5 ; 25752,5
2025-12-11 00:13:39; 25752,75;      17; ASK ; 25752,75; 25752,75
2025-12-11 00:13:40; 25753,0 ;       4; ASK ; 25753,0 ; 25753,0
2025-12-11 00:13:41; 25751,0 ;       4; ASK ; 25751,0 ; 25751,0
2025-12-11 00:13:42; 25751,75;      11; ASK ; 25751,75; 25751,75
2025-12-11 00:13:44; 25751,25;       1; ASK ; 25751,25; 25751,25
2025-12-11 00:13:46; 25750,25;       6; ASK ; 25750,25; 25750,25
2025-12-11 00:13:47; 25751,75;       1; ASK ; 25751,75; 25751,75
2025-12-11 00:13:49; 25751,5 ;       3; ASK ; 25751,5 ; 25751,5
2025-12-11 00:13:51; 25751,5 ;       2; ASK ; 25751,5 ; 25751,5
2025-12-11 00:13:52; 25753,0 ;       2; ASK ; 25753,0 ; 25753,0
2025-12-11 00:13:53; 25752,5 ;      11; ASK ; 25752,5 ; 25752,5
2025-12-11 00:13:54; 25753,25;       3; ASK ; 25753,25; 25753,25
2025-12-11 00:13:55; 25753,25;       1; ASK ; 25753,25; 25753,25
2025-12-11 00:13:56; 25753,25;       1; ASK ; 25753,25; 25753,25
2025-12-11 00:14:02; 25752,25;       1; ASK ; 25752,25; 25752,25
2025-12-11 00:14:04; 25752,0 ;      14; ASK ; 25752,0 ; 25752,0
2025-12-11 00:14:06; 25751,5 ;       6; ASK ; 25751,5 ; 25751,5
2025-12-11 00:14:07; 25750,25;       3; ASK ; 25750,25; 25750,25
2025-12-11 00:14:09; 25750,25;       1; ASK ; 25750,25; 25750,25
2025-12-11 00:14:10; 25750,25;       1; ASK ; 25750,25; 25750,25
2025-12-11 00:14:11; 25750,0 ;      11; ASK ; 25750,0 ; 25750,0
2025-12-11 00:14:12; 25749,0 ;      12; ASK ; 25749,0 ; 25749,0
2025-12-11 00:14:14; 25750,0 ;       3; ASK ; 25750,0 ; 25750,0
2025-12-11 00:14:16; 25750,75;       6; ASK ; 25750,75; 25750,75
2025-12-11 00:14:17; 25749,5 ;       6; ASK ; 25749,5 ; 25749,5
2025-12-11 00:14:18; 25747,0 ;      19; ASK ; 25747,0 ; 25747,0
2025-12-11 00:14:19; 25746,75;      14; ASK ; 25746,75; 25746,75
2025-12-11 00:14:21; 25746,5 ;       1; ASK ; 25746,5 ; 25746,5
2025-12-11 00:14:22; 25746,5 ;      11; ASK ; 25746,5 ; 25746,5
2025-12-11 00:14:23; 25747,25;       2; ASK ; 25747,25; 25747,25
2025-12-11 00:14:25; 25747,25;       1; ASK ; 25747,25; 25747,25
2025-12-11 00:14:26; 25747,0 ;       1; ASK ; 25747,0 ; 25747,0
2025-12-11 00:14:27; 25747,25;       3; ASK ; 25747,25; 25747,25
2025-12-11 00:14:28; 25745,0 ;      12; ASK ; 25745,0 ; 25745,0
2025-12-11 00:14:29; 25745,25;       6; ASK ; 25745,25; 25745,25
2025-12-11 00:14:30; 25745,5 ;       1; ASK ; 25745,5 ; 25745,5
2025-12-11 00:14:31; 25746,5 ;       4; ASK ; 25746,5 ; 25746,5
2025-12-11 00:14:34; 25739,25;     169; ASK ; 25739,25; 25739,25
2025-12-11 00:14:35; 25740,25;       6; ASK ; 25740,25; 25740,25
2025-12-11 00:14:36; 25742,0 ;       5; ASK ; 25742,0 ; 25742,0
2025-12-11 00:14:40; 25743,0 ;       3; ASK ; 25743,0 ; 25743,0
2025-12-11 00:14:41; 25743,75;       5; ASK ; 25743,75; 25743,75
2025-12-11 00:14:42; 25743,5 ;      12; ASK ; 25743,5 ; 25743,5
2025-12-11 00:14:43; 25744,5 ;       5; ASK ; 25744,5 ; 25744,5
2025-12-11 00:14:45; 25742,5 ;       7; ASK ; 25742,5 ; 25742,5
2025-12-11 00:14:46; 25744,25;       5; ASK ; 25744,25; 25744,25
2025-12-11 00:14:47; 25744,5 ;       2; ASK ; 25744,5 ; 25744,5
2025-12-11 00:14:50; 25743,75;       6; ASK ; 25743,75; 25743,75
2025-12-11 00:14:51; 25746,75;      26; ASK ; 25746,75; 25746,75
2025-12-11 00:14:52; 25745,5 ;      18; ASK ; 25745,5 ; 25745,5
2025-12-11 00:14:53; 25745,25;       1; ASK ; 25745,25; 25745,25
2025-12-11 00:14:54; 25746,25;       3; ASK ; 25746,25; 25746,25
2025-12-11 00:14:55; 25745,75;      13; ASK ; 25745,75; 25745,75
2025-12-11 00:14:56; 25744,5 ;       3; ASK ; 25744,5 ; 25744,5
2025-12-11 00:14:57; 25745,5 ;      17; ASK ; 25745,5 ; 25745,5
2025-12-11 00:14:58; 25745,75;       4; ASK ; 25745,75; 25745,75
2025-12-11 00:14:59; 25746,5 ;       3; ASK ; 25746,5 ; 25746,5
2025-12-11 00:15:00; 25747,25;       2; ASK ; 25747,25; 25747,25
2025-12-11 00:15:01; 25745,25;       9; ASK ; 25745,25; 25745,25
2025-12-11 00:15:02; 25746,25;       4; ASK ; 25746,25; 25746,25
2025-12-11 00:15:03; 25745,0 ;       3; ASK ; 25745,0 ; 25745,0
2025-12-11 00:15:04; 25744,75;       1; ASK ; 25744,75; 25744,75
2025-12-11 00:15:07; 25744,5 ;       2; ASK ; 25744,5 ; 25744,5
2025-12-11 00:15:11; 25745,75;       1; ASK ; 25745,75; 25745,75
2025-12-11 00:15:12; 25745,75;       2; ASK ; 25745,75; 25745,75
2025-12-11 00:15:14; 25745,75;       1; ASK ; 25745,75; 25745,75
2025-12-11 00:15:15; 25743,75;      18; ASK ; 25743,75; 25743,75
2025-12-11 00:15:16; 25743,75;       2; ASK ; 25743,75; 25743,75
2025-12-11 00:15:18; 25744,75;       2; ASK ; 25744,75; 25744,75
2025-12-11 00:15:20; 25744,75;       1; ASK ; 25744,75; 25744,75
2025-12-11 00:15:24; 25743,25;       3; ASK ; 25743,25; 25743,25
2025-12-11 00:15:26; 25744,5 ;      11; ASK ; 25744,5 ; 25744,5
2025-12-11 00:15:27; 25744,25;      10; ASK ; 25744,25; 25744,25
2025-12-11 00:15:28; 25743,0 ;       9; ASK ; 25743,0 ; 25743,0
2025-12-11 00:15:29; 25742,0 ;       8; ASK ; 25742,0 ; 25742,0
2025-12-11 00:15:33; 25743,5 ;       3; ASK ; 25743,5 ; 25743,5
2025-12-11 00:15:34; 25742,5 ;       1; ASK ; 25742,5 ; 25742,5
2025-12-11 00:15:35; 25742,25;       2; ASK ; 25742,25; 25742,25
2025-12-11 00:15:37; 25742,25;       1; ASK ; 25742,25; 25742,25
2025-12-11 00:15:39; 25742,0 ;       3; ASK ; 25742,0 ; 25742,0
2025-12-11 00:15:42; 25742,25;       1; ASK ; 25742,25; 25742,25
2025-12-11 00:15:44; 25742,5 ;       3; ASK ; 25742,5 ; 25742,5
2025-12-11 00:15:45; 25741,5 ;       3; ASK ; 25741,5 ; 25741,5
2025-12-11 00:15:47; 25742,75;       1; ASK ; 25742,75; 25742,75
2025-12-11 00:15:51; 25742,5 ;       3; ASK ; 25742,5 ; 25742,5
2025-12-11 00:15:56; 25741,0 ;       8; ASK ; 25741,0 ; 25741,0
2025-12-11 00:15:57; 25741,0 ;       2; ASK ; 25741,0 ; 25741,0
2025-12-11 00:15:58; 25741,25;       1; ASK ; 25741,25; 25741,25
2025-12-11 00:16:01; 25739,25;       8; ASK ; 25739,25; 25739,25
2025-12-11 00:16:02; 25736,5 ;      35; ASK ; 25736,5 ; 25736,5
2025-12-11 00:16:03; 25738,0 ;       9; ASK ; 25738,0 ; 25738,0
2025-12-11 00:16:04; 25737,5 ;       2; ASK ; 25737,5 ; 25737,5
2025-12-11 00:16:05; 25737,0 ;       2; ASK ; 25737,0 ; 25737,0
2025-12-11 00:16:06; 25736,25;       5; ASK ; 25736,25; 25736,25
2025-12-11 00:16:07; 25736,25;      12; ASK ; 25736,25; 25736,25
2025-12-11 00:16:08; 25737,0 ;       2; ASK ; 25737,0 ; 25737,0
2025-12-11 00:16:09; 25738,0 ;      15; ASK ; 25738,0 ; 25738,0
2025-12-11 00:16:10; 25736,75;       2; ASK ; 25736,75; 25736,75
2025-12-11 00:16:11; 25737,5 ;       1; ASK ; 25737,5 ; 25737,5
2025-12-11 00:16:12; 25736,5 ;       1; ASK ; 25736,5 ; 25736,5
2025-12-11 00:16:14; 25736,75;       8; ASK ; 25736,75; 25736,75
2025-12-11 00:16:16; 25734,5 ;      10; ASK ; 25734,5 ; 25734,5
2025-12-11 00:16:17; 25735,75;       6; ASK ; 25735,75; 25735,75
2025-12-11 00:16:19; 25735,0 ;       4; ASK ; 25735,0 ; 25735,0
2025-12-11 00:16:20; 25734,0 ;      14; ASK ; 25734,0 ; 25734,0
2025-12-11 00:16:21; 25732,75;       6; ASK ; 25732,75; 25732,75
2025-12-11 00:16:22; 25733,75;       4; ASK ; 25733,75; 25733,75
2025-12-11 00:16:24; 25734,25;       3; ASK ; 25734,25; 25734,25
2025-12-11 00:16:26; 25734,25;       1; ASK ; 25734,25; 25734,25
2025-12-11 00:16:27; 25734,75;       1; ASK ; 25734,75; 25734,75
2025-12-11 00:16:28; 25733,25;       1; ASK ; 25733,25; 25733,25
2025-12-11 00:16:29; 25733,75;       2; ASK ; 25733,75; 25733,75
2025-12-11 00:16:32; 25733,5 ;       6; ASK ; 25733,5 ; 25733,5
2025-12-11 00:16:33; 25730,75;      13; ASK ; 25730,75; 25730,75
2025-12-11 00:16:34; 25732,75;       2; ASK ; 25732,75; 25732,75
2025-12-11 00:16:35; 25731,5 ;       7; ASK ; 25731,5 ; 25731,5
2025-12-11 00:16:36; 25730,5 ;       4; ASK ; 25730,5 ; 25730,5
2025-12-11 00:16:37; 25731,25;       2; ASK ; 25731,25; 25731,25
2025-12-11 00:16:38; 25730,75;       2; ASK ; 25730,75; 25730,75
2025-12-11 00:16:39; 25732,75;       3; ASK ; 25732,75; 25732,75
2025-12-11 00:16:40; 25733,25;       6; ASK ; 25733,25; 25733,25
2025-12-11 00:16:43; 25734,0 ;      15; ASK ; 25734,0 ; 25734,0
2025-12-11 00:16:44; 25733,0 ;       4; ASK ; 25733,0 ; 25733,0
2025-12-11 00:16:45; 25734,0 ;       3; ASK ; 25734,0 ; 25734,0
2025-12-11 00:16:47; 25734,0 ;       2; ASK ; 25734,0 ; 25734,0
2025-12-11 00:16:48; 25733,75;       1; ASK ; 25733,75; 25733,75
2025-12-11 00:16:49; 25732,0 ;       5; ASK ; 25732,0 ; 25732,0
2025-12-11 00:16:52; 25731,75;       3; ASK ; 25731,75; 25731,75
2025-12-11 00:16:53; 25732,0 ;       5; ASK ; 25732,0 ; 25732,0
2025-12-11 00:16:54; 25732,25;      11; ASK ; 25732,25; 25732,25
2025-12-11 00:16:56; 25732,5 ;       3; ASK ; 25732,5 ; 25732,5
2025-12-11 00:16:57; 25730,75;      19; ASK ; 25730,75; 25730,75
2025-12-11 00:16:58; 25729,5 ;      13; ASK ; 25729,5 ; 25729,5
2025-12-11 00:16:59; 25731,25;       4; ASK ; 25731,25; 25731,25
2025-12-11 00:17:00; 25728,25;      33; ASK ; 25728,25; 25728,25
2025-12-11 00:17:01; 25727,0 ;      17; ASK ; 25727,0 ; 25727,0
2025-12-11 00:17:02; 25728,0 ;      11; ASK ; 25728,0 ; 25728,0
2025-12-11 00:17:03; 25725,75;      14; ASK ; 25725,75; 25725,75
2025-12-11 00:17:04; 25725,25;      14; ASK ; 25725,25; 25725,25
2025-12-11 00:17:05; 25724,75;       9; ASK ; 25724,75; 25724,75
2025-12-11 00:17:06; 25725,5 ;      16; ASK ; 25725,5 ; 25725,5
2025-12-11 00:17:07; 25723,75;       2; ASK ; 25723,75; 25723,75
2025-12-11 00:17:08; 25725,75;       7; ASK ; 25725,75; 25725,75
2025-12-11 00:17:09; 25727,25;       9; ASK ; 25727,25; 25727,25
2025-12-11 00:17:10; 25727,75;       2; ASK ; 25727,75; 25727,75
2025-12-11 00:17:12; 25728,0 ;       2; ASK ; 25728,0 ; 25728,0
2025-12-11 00:17:13; 25730,0 ;       5; ASK ; 25730,0 ; 25730,0
2025-12-11 00:17:14; 25729,0 ;       7; ASK ; 25729,0 ; 25729,0
2025-12-11 00:17:15; 25730,25;       1; ASK ; 25730,25; 25730,25
2025-12-11 00:17:16; 25731,0 ;      12; ASK ; 25731,0 ; 25731,0
2025-12-11 00:17:17; 25730,5 ;       6; ASK ; 25730,5 ; 25730,5
2025-12-11 00:17:18; 25732,0 ;       9; ASK ; 25732,0 ; 25732,0
2025-12-11 00:17:19; 25732,75;       1; ASK ; 25732,75; 25732,75
2025-12-11 00:17:20; 25731,5 ;       6; ASK ; 25731,5 ; 25731,5
2025-12-11 00:17:22; 25731,5 ;       1; ASK ; 25731,5 ; 25731,5
2025-12-11 00:17:23; 25729,75;       8; ASK ; 25729,75; 25729,75
2025-12-11 00:17:26; 25729,0 ;       1; ASK ; 25729,0 ; 25729,0
2025-12-11 00:17:28; 25728,0 ;       1; ASK ; 25728,0 ; 25728,0
2025-12-11 00:17:30; 25727,5 ;       4; ASK ; 25727,5 ; 25727,5
2025-12-11 00:17:34; 25726,75;       2; ASK ; 25726,75; 25726,75
2025-12-11 00:17:35; 25729,25;       4; ASK ; 25729,25; 25729,25
2025-12-11 00:17:36; 25729,0 ;       1; ASK ; 25729,0 ; 25729,0
2025-12-11 00:17:37; 25728,25;       2; ASK ; 25728,25; 25728,25
2025-12-11 00:17:40; 25727,5 ;       4; ASK ; 25727,5 ; 25727,5
2025-12-11 00:17:41; 25728,25;      16; ASK ; 25728,25; 25728,25
2025-12-11 00:17:42; 25728,75;       2; ASK ; 25728,75; 25728,75
2025-12-11 00:17:43; 25729,5 ;       6; ASK ; 25729,5 ; 25729,5
2025-12-11 00:17:44; 25729,75;       1; ASK ; 25729,75; 25729,75
2025-12-11 00:17:45; 25727,5 ;       3; ASK ; 25727,5 ; 25727,5
2025-12-11 00:17:48; 25728,0 ;       2; ASK ; 25728,0 ; 25728,0
2025-12-11 00:17:49; 25726,75;       2; ASK ; 25726,75; 25726,75
2025-12-11 00:17:50; 25727,25;       2; ASK ; 25727,25; 25727,25
2025-12-11 00:17:51; 25725,75;       2; ASK ; 25725,75; 25725,75
2025-12-11 00:17:52; 25726,75;       2; ASK ; 25726,75; 25726,75
2025-12-11 00:17:54; 25726,0 ;       6; ASK ; 25726,0 ; 25726,0
2025-12-11 00:17:56; 25727,25;       1; ASK ; 25727,25; 25727,25
2025-12-11 00:17:57; 25727,75;       3; ASK ; 25727,75; 25727,75
2025-12-11 00:17:58; 25728,0 ;       1; ASK ; 25728,0 ; 25728,0
2025-12-11 00:18:00; 25728,0 ;       5; ASK ; 25728,0 ; 25728,0
2025-12-11 00:18:04; 25727,75;       2; ASK ; 25727,75; 25727,75
2025-12-11 00:18:05; 25728,25;       1; ASK ; 25728,25; 25728,25
2025-12-11 00:18:06; 25728,5 ;       2; ASK ; 25728,5 ; 25728,5
2025-12-11 00:18:07; 25727,75;       2; ASK ; 25727,75; 25727,75
2025-12-11 00:18:08; 25726,25;       2; ASK ; 25726,25; 25726,25
2025-12-11 00:18:10; 25727,25;      10; ASK ; 25727,25; 25727,25
2025-12-11 00:18:11; 25728,25;       1; ASK ; 25728,25; 25728,25
2025-12-11 00:18:12; 25727,75;       1; ASK ; 25727,75; 25727,75
2025-12-11 00:18:13; 25727,75;       1; ASK ; 25727,75; 25727,75
2025-12-11 00:18:15; 25725,75;       4; ASK ; 25725,75; 25725,75
2025-12-11 00:18:16; 25726,25;       1; ASK ; 25726,25; 25726,25
2025-12-11 00:18:17; 25726,25;       2; ASK ; 25726,25; 25726,25
2025-12-11 00:18:18; 25726,5 ;       1; ASK ; 25726,5 ; 25726,5
2025-12-11 00:18:19; 25723,75;       8; ASK ; 25723,75; 25723,75
2025-12-11 00:18:20; 25723,75;       5; ASK ; 25723,75; 25723,75
2025-12-11 00:18:21; 25723,75;       1; ASK ; 25723,75; 25723,75
2025-12-11 00:18:24; 25724,25;       2; ASK ; 25724,25; 25724,25
2025-12-11 00:18:25; 25725,0 ;       3; ASK ; 25725,0 ; 25725,0
2025-12-11 00:18:26; 25723,25;       6; ASK ; 25723,25; 25723,25
2025-12-11 00:18:28; 25722,75;       2; ASK ; 25722,75; 25722,75
2025-12-11 00:18:29; 25723,75;      14; ASK ; 25723,75; 25723,75
2025-12-11 00:18:31; 25723,0 ;       8; ASK ; 25723,0 ; 25723,0
2025-12-11 00:18:33; 25723,0 ;       1; ASK ; 25723,0 ; 25723,0
2025-12-11 00:18:35; 25719,5 ;      20; ASK ; 25719,5 ; 25719,5
2025-12-11 00:18:36; 25718,5 ;       4; ASK ; 25718,5 ; 25718,5
2025-12-11 00:18:37; 25719,5 ;       5; ASK ; 25719,5 ; 25719,5
2025-12-11 00:18:38; 25717,5 ;       5; ASK ; 25717,5 ; 25717,5
2025-12-11 00:18:39; 25717,25;      12; ASK ; 25717,25; 25717,25
2025-12-11 00:18:40; 25717,25;       1; ASK ; 25717,25; 25717,25
2025-12-11 00:18:41; 25715,75;       1; ASK ; 25715,75; 25715,75
2025-12-11 00:18:42; 25715,75;       7; ASK ; 25715,75; 25715,75
2025-12-11 00:18:43; 25718,0 ;       4; ASK ; 25718,0 ; 25718,0
2025-12-11 00:18:45; 25718,0 ;       1; ASK ; 25718,0 ; 25718,0
2025-12-11 00:18:46; 25719,25;      10; ASK ; 25719,25; 25719,25
2025-12-11 00:18:47; 25719,25;       3; ASK ; 25719,25; 25719,25
2025-12-11 00:18:48; 25720,25;       1; ASK ; 25720,25; 25720,25
2025-12-11 00:18:49; 25720,25;       4; ASK ; 25720,25; 25720,25
2025-12-11 00:18:51; 25720,0 ;       1; ASK ; 25720,0 ; 25720,0
2025-12-11 00:18:52; 25720,5 ;       9; ASK ; 25720,5 ; 25720,5
2025-12-11 00:18:53; 25722,25;       6; ASK ; 25722,25; 25722,25
2025-12-11 00:18:54; 25720,75;       1; ASK ; 25720,75; 25720,75
2025-12-11 00:18:55; 25721,75;       1; ASK ; 25721,75; 25721,75
2025-12-11 00:18:56; 25722,5 ;       2; ASK ; 25722,5 ; 25722,5
2025-12-11 00:19:00; 25718,25;      17; ASK ; 25718,25; 25718,25
2025-12-11 00:19:03; 25719,5 ;       1; ASK ; 25719,5 ; 25719,5
2025-12-11 00:19:05; 25721,5 ;       4; ASK ; 25721,5 ; 25721,5
2025-12-11 00:19:06; 25722,75;      11; ASK ; 25722,75; 25722,75
2025-12-11 00:19:07; 25722,0 ;       6; ASK ; 25722,0 ; 25722,0
2025-12-11 00:19:08; 25722,25;       2; ASK ; 25722,25; 25722,25
2025-12-11 00:19:10; 25722,5 ;       1; ASK ; 25722,5 ; 25722,5
2025-12-11 00:19:11; 25723,0 ;       4; ASK ; 25723,0 ; 25723,0
2025-12-11 00:19:12; 25723,5 ;       1; ASK ; 25723,5 ; 25723,5
2025-12-11 00:19:13; 25724,25;       1; ASK ; 25724,25; 25724,25
2025-12-11 00:19:14; 25723,75;       4; ASK ; 25723,75; 25723,75
2025-12-11 00:19:15; 25725,0 ;       1; ASK ; 25725,0 ; 25725,0
2025-12-11 00:19:16; 25722,5 ;       3; ASK ; 25722,5 ; 25722,5
2025-12-11 00:19:17; 25725,0 ;      15; ASK ; 25725,0 ; 25725,0
2025-12-11 00:19:18; 25725,75;       5; ASK ; 25725,75; 25725,75
2025-12-11 00:19:19; 25724,5 ;       2; ASK ; 25724,5 ; 25724,5
2025-12-11 00:19:20; 25726,5 ;       5; ASK ; 25726,5 ; 25726,5
2025-12-11 00:19:21; 25726,75;       2; ASK ; 25726,75; 25726,75
2025-12-11 00:19:22; 25727,25;       1; ASK ; 25727,25; 25727,25
2025-12-11 00:19:24; 25727,5 ;       3; ASK ; 25727,5 ; 25727,5
2025-12-11 00:19:26; 25727,75;       2; ASK ; 25727,75; 25727,75
2025-12-11 00:19:27; 25726,25;      13; ASK ; 25726,25; 25726,25
2025-12-11 00:19:28; 25725,5 ;       3; ASK ; 25725,5 ; 25725,5
2025-12-11 00:19:30; 25727,75;       5; ASK ; 25727,75; 25727,75
2025-12-11 00:19:32; 25725,5 ;       5; ASK ; 25725,5 ; 25725,5
2025-12-11 00:19:35; 25723,0 ;      13; ASK ; 25723,0 ; 25723,0
2025-12-11 00:19:37; 25722,25;       8; ASK ; 25722,25; 25722,25
2025-12-11 00:19:38; 25722,25;       4; ASK ; 25722,25; 25722,25
2025-12-11 00:19:39; 25723,0 ;       4; ASK ; 25723,0 ; 25723,0
2025-12-11 00:19:40; 25722,75;       4; ASK ; 25722,75; 25722,75
2025-12-11 00:19:41; 25724,5 ;       4; ASK ; 25724,5 ; 25724,5
2025-12-11 00:19:42; 25724,25;       3; ASK ; 25724,25; 25724,25
2025-12-11 00:19:45; 25723,75;       5; ASK ; 25723,75; 25723,75
2025-12-11 00:19:46; 25725,75;       8; ASK ; 25725,75; 25725,75
2025-12-11 00:19:47; 25726,0 ;       5; ASK ; 25726,0 ; 25726,0
2025-12-11 00:19:48; 25726,25;       5; ASK ; 25726,25; 25726,25
2025-12-11 00:19:49; 25727,75;       5; ASK ; 25727,75; 25727,75
2025-12-11 00:19:50; 25727,5 ;       1; ASK ; 25727,5 ; 25727,5
2025-12-11 00:19:52; 25727,25;       1; ASK ; 25727,25; 25727,25
2025-12-11 00:19:54; 25729,5 ;      11; ASK ; 25729,5 ; 25729,5
2025-12-11 00:19:55; 25727,75;       1; ASK ; 25727,75; 25727,75
2025-12-11 00:19:56; 25727,5 ;       2; ASK ; 25727,5 ; 25727,5
2025-12-11 00:19:57; 25726,75;       1; ASK ; 25726,75; 25726,75
2025-12-11 00:20:00; 25727,25;       1; ASK ; 25727,25; 25727,25
2025-12-11 00:20:01; 25727,75;       2; ASK ; 25727,75; 25727,75
2025-12-11 00:20:03; 25727,5 ;       8; ASK ; 25727,5 ; 25727,5
2025-12-11 00:20:06; 25728,75;       2; ASK ; 25728,75; 25728,75
2025-12-11 00:20:07; 25728,0 ;      13; ASK ; 25728,0 ; 25728,0
2025-12-11 00:20:08; 25729,0 ;       6; ASK ; 25729,0 ; 25729,0
2025-12-11 00:20:10; 25730,0 ;       3; ASK ; 25730,0 ; 25730,0
2025-12-11 00:20:11; 25728,75;       2; ASK ; 25728,75; 25728,75
2025-12-11 00:20:12; 25729,5 ;       7; ASK ; 25729,5 ; 25729,5
2025-12-11 00:20:14; 25727,75;       4; ASK ; 25727,75; 25727,75
2025-12-11 00:20:18; 25727,25;       2; ASK ; 25727,25; 25727,25
2025-12-11 00:20:20; 25729,75;       8; ASK ; 25729,75; 25729,75
2025-12-11 00:20:22; 25728,5 ;       9; ASK ; 25728,5 ; 25728,5
2025-12-11 00:20:24; 25729,5 ;       8; ASK ; 25729,5 ; 25729,5
2025-12-11 00:20:26; 25729,75;       4; ASK ; 25729,75; 25729,75
2025-12-11 00:20:29; 25728,0 ;       4; ASK ; 25728,0 ; 25728,0
2025-12-11 00:20:31; 25728,0 ;       1; ASK ; 25728,0 ; 25728,0
2025-12-11 00:20:32; 25725,0 ;      12; ASK ; 25725,0 ; 25725,0
2025-12-11 00:20:33; 25725,0 ;       1; ASK ; 25725,0 ; 25725,0
2025-12-11 00:20:35; 25726,0 ;       1; ASK ; 25726,0 ; 25726,0
2025-12-11 00:20:37; 25726,5 ;       5; ASK ; 25726,5 ; 25726,5
2025-12-11 00:20:41; 25729,0 ;       1; ASK ; 25729,0 ; 25729,0
2025-12-11 00:20:43; 25727,75;       5; ASK ; 25727,75; 25727,75
2025-12-11 00:20:47; 25729,75;      15; ASK ; 25729,75; 25729,75
2025-12-11 00:20:49; 25730,5 ;       2; ASK ; 25730,5 ; 25730,5
2025-12-11 00:20:50; 25731,0 ;      15; ASK ; 25731,0 ; 25731,0
2025-12-11 00:20:51; 25731,75;       2; ASK ; 25731,75; 25731,75
2025-12-11 00:20:53; 25731,5 ;       1; ASK ; 25731,5 ; 25731,5
2025-12-11 00:20:55; 25730,5 ;       8; ASK ; 25730,5 ; 25730,5
2025-12-11 00:20:56; 25729,75;      10; ASK ; 25729,75; 25729,75
2025-12-11 00:20:57; 25731,25;       6; ASK ; 25731,25; 25731,25
2025-12-11 00:20:58; 25730,0 ;       2; ASK ; 25730,0 ; 25730,0
2025-12-11 00:21:00; 25730,25;       2; ASK ; 25730,25; 25730,25
2025-12-11 00:21:02; 25730,25;       1; ASK ; 25730,25; 25730,25
2025-12-11 00:21:07; 25731,0 ;       4; ASK ; 25731,0 ; 25731,0
2025-12-11 00:21:08; 25732,5 ;       7; ASK ; 25732,5 ; 25732,5
2025-12-11 00:21:09; 25733,25;       5; ASK ; 25733,25; 25733,25
2025-12-11 00:21:10; 25733,25;      12; ASK ; 25733,25; 25733,25
2025-12-11 00:21:11; 25733,25;       5; ASK ; 25733,25; 25733,25
2025-12-11 00:21:12; 25732,75;       2; ASK ; 25732,75; 25732,75
2025-12-11 00:21:14; 25733,5 ;       3; ASK ; 25733,5 ; 25733,5
2025-12-11 00:21:15; 25734,0 ;       2; ASK ; 25734,0 ; 25734,0
2025-12-11 00:21:16; 25733,25;       1; ASK ; 25733,25; 25733,25
2025-12-11 00:21:17; 25734,25;       1; ASK ; 25734,25; 25734,25
2025-12-11 00:21:19; 25734,0 ;      17; ASK ; 25734,0 ; 25734,0
2025-12-11 00:21:21; 25734,0 ;       2; ASK ; 25734,0 ; 25734,0
2025-12-11 00:21:22; 25732,25;       5; ASK ; 25732,25; 25732,25
2025-12-11 00:21:25; 25731,5 ;       1; ASK ; 25731,5 ; 25731,5
2025-12-11 00:21:26; 25731,5 ;       1; ASK ; 25731,5 ; 25731,5
2025-12-11 00:21:27; 25732,5 ;       1; ASK ; 25732,5 ; 25732,5
2025-12-11 00:21:28; 25732,0 ;       2; ASK ; 25732,0 ; 25732,0
2025-12-11 00:21:29; 25731,25;       3; ASK ; 25731,25; 25731,25
2025-12-11 00:21:32; 25732,5 ;       1; ASK ; 25732,5 ; 25732,5
2025-12-11 00:21:40; 25732,0 ;       1; ASK ; 25732,0 ; 25732,0
2025-12-11 00:21:42; 25730,75;       2; ASK ; 25730,75; 25730,75
2025-12-11 00:21:44; 25730,25;       2; ASK ; 25730,25; 25730,25
2025-12-11 00:21:45; 25730,25;       1; ASK ; 25730,25; 25730,25
2025-12-11 00:21:46; 25728,75;       5; ASK ; 25728,75; 25728,75
2025-12-11 00:21:47; 25728,0 ;       4; ASK ; 25728,0 ; 25728,0
2025-12-11 00:21:48; 25729,0 ;      24; ASK ; 25729,0 ; 25729,0
2025-12-11 00:21:49; 25728,5 ;       2; ASK ; 25728,5 ; 25728,5
2025-12-11 00:21:51; 25728,5 ;       3; ASK ; 25728,5 ; 25728,5
2025-12-11 00:21:54; 25729,5 ;       1; ASK ; 25729,5 ; 25729,5
2025-12-11 00:22:00; 25730,0 ;       8; ASK ; 25730,0 ; 25730,0
2025-12-11 00:22:01; 25730,75;       2; ASK ; 25730,75; 25730,75
2025-12-11 00:22:04; 25729,25;       2; ASK ; 25729,25; 25729,25
2025-12-11 00:22:08; 25730,5 ;       4; ASK ; 25730,5 ; 25730,5
2025-12-11 00:22:11; 25731,0 ;       1; ASK ; 25731,0 ; 25731,0
2025-12-11 00:22:13; 25731,0 ;       3; ASK ; 25731,0 ; 25731,0
2025-12-11 00:22:16; 25730,0 ;       4; ASK ; 25730,0 ; 25730,0
2025-12-11 00:22:17; 25730,75;       3; ASK ; 25730,75; 25730,75
2025-12-11 00:22:18; 25732,25;       6; ASK ; 25732,25; 25732,25
2025-12-11 00:22:19; 25730,75;       2; ASK ; 25730,75; 25730,75
2025-12-11 00:22:20; 25731,25;       1; ASK ; 25731,25; 25731,25
2025-12-11 00:22:21; 25731,75;       1; ASK ; 25731,75; 25731,75
2025-12-11 00:22:23; 25730,75;       1; ASK ; 25730,75; 25730,75
2025-12-11 00:22:24; 25730,25;       2; ASK ; 25730,25; 25730,25
2025-12-11 00:22:25; 25730,5 ;       5; ASK ; 25730,5 ; 25730,5
2025-12-11 00:22:27; 25728,0 ;      20; ASK ; 25728,0 ; 25728,0
2025-12-11 00:22:30; 25728,25;       3; ASK ; 25728,25; 25728,25
2025-12-11 00:22:31; 25728,0 ;       3; ASK ; 25728,0 ; 25728,0
2025-12-11 00:22:35; 25728,25;       1; ASK ; 25728,25; 25728,25
2025-12-11 00:22:36; 25729,25;       1; ASK ; 25729,25; 25729,25
2025-12-11 00:22:39; 25728,0 ;       3; ASK ; 25728,0 ; 25728,0
2025-12-11 00:22:44; 25728,25;       1; ASK ; 25728,25; 25728,25
2025-12-11 00:22:47; 25729,0 ;       3; ASK ; 25729,0 ; 25729,0
2025-12-11 00:22:48; 25729,25;       5; ASK ; 25729,25; 25729,25
2025-12-11 00:22:50; 25729,75;       1; ASK ; 25729,75; 25729,75
2025-12-11 00:22:51; 25729,5 ;       4; ASK ; 25729,5 ; 25729,5
2025-12-11 00:22:52; 25728,25;       1; ASK ; 25728,25; 25728,25
2025-12-11 00:22:55; 25728,5 ;       2; ASK ; 25728,5 ; 25728,5
2025-12-11 00:23:00; 25728,0 ;       1; ASK ; 25728,0 ; 25728,0
2025-12-11 00:23:01; 25727,75;       1; ASK ; 25727,75; 25727,75
2025-12-11 00:23:03; 25727,75;       2; ASK ; 25727,75; 25727,75
2025-12-11 00:23:04; 25728,25;       1; ASK ; 25728,25; 25728,25
2025-12-11 00:23:10; 25727,5 ;       1; ASK ; 25727,5 ; 25727,5
2025-12-11 00:23:12; 25727,5 ;       2; ASK ; 25727,5 ; 25727,5
2025-12-11 00:23:15; 25728,75;       1; ASK ; 25728,75; 25728,75
2025-12-11 00:23:16; 25729,25;       2; ASK ; 25729,25; 25729,25
2025-12-11 00:23:18; 25730,75;       5; ASK ; 25730,75; 25730,75
2025-12-11 00:23:20; 25731,5 ;       5; ASK ; 25731,5 ; 25731,5
2025-12-11 00:23:21; 25731,75;       3; ASK ; 25731,75; 25731,75
2025-12-11 00:23:22; 25729,25;       7; ASK ; 25729,25; 25729,25
2025-12-11 00:23:26; 25730,75;       1; ASK ; 25730,75; 25730,75
2025-12-11 00:23:30; 25731,0 ;       5; ASK ; 25731,0 ; 25731,0
2025-12-11 00:23:44; 25729,25;      15; ASK ; 25729,25; 25729,25
2025-12-11 00:23:47; 25729,25;       6; ASK ; 25729,25; 25729,25
2025-12-11 00:23:51; 25729,25;       1; ASK ; 25729,25; 25729,25
2025-12-11 00:23:53; 25727,5 ;       3; ASK ; 25727,5 ; 25727,5
2025-12-11 00:23:54; 25728,75;       4; ASK ; 25728,75; 25728,75
2025-12-11 00:24:04; 25728,75;       1; ASK ; 25728,75; 25728,75
2025-12-11 00:24:11; 25728,5 ;       3; ASK ; 25728,5 ; 25728,5
2025-12-11 00:24:12; 25728,25;       1; ASK ; 25728,25; 25728,25
2025-12-11 00:24:13; 25728,0 ;       1; ASK ; 25728,0 ; 25728,0
2025-12-11 00:24:22; 25728,0 ;       1; ASK ; 25728,0 ; 25728,0
2025-12-11 00:24:33; 25729,0 ;       1; ASK ; 25729,0 ; 25729,0
2025-12-11 00:24:36; 25729,0 ;       1; ASK ; 25729,0 ; 25729,0
2025-12-11 00:24:46; 25728,0 ;       1; ASK ; 25728,0 ; 25728,0
2025-12-11 00:24:52; 25729,0 ;       1; ASK ; 25729,0 ; 25729,0
2025-12-11 00:24:53; 25728,5 ;       5; ASK ; 25728,5 ; 25728,5
2025-12-11 00:25:01; 25729,0 ;       4; ASK ; 25729,0 ; 25729,0
2025-12-11 00:25:02; 25729,25;       1; ASK ; 25729,25; 25729,25
2025-12-11 00:25:03; 25730,25;       2; ASK ; 25730,25; 25730,25
2025-12-11 00:25:06; 25731,0 ;       1; ASK ; 25731,0 ; 25731,0
2025-12-11 00:25:07; 25730,25;       5; ASK ; 25730,25; 25730,25
2025-12-11 00:25:16; 25729,75;       1; ASK ; 25729,75; 25729,75
2025-12-11 00:25:30; 25729,25;       2; ASK ; 25729,25; 25729,25
2025-12-11 00:25:33; 25729,75;       1; ASK ; 25729,75; 25729,75
2025-12-11 00:25:35; 25728,75;       3; ASK ; 25728,75; 25728,75
2025-12-11 00:25:41; 25730,25;       1; ASK ; 25730,25; 25730,25
2025-12-11 00:25:43; 25731,75;       5; ASK ; 25731,75; 25731,75
2025-12-11 00:25:49; 25731,75;       3; ASK ; 25731,75; 25731,75
2025-12-11 00:25:50; 25732,5 ;       3; ASK ; 25732,5 ; 25732,5
2025-12-11 00:25:53; 25731,25;       3; ASK ; 25731,25; 25731,25
2025-12-11 00:25:55; 25732,0 ;       2; ASK ; 25732,0 ; 25732,0
2025-12-11 00:26:03; 25731,75;       2; ASK ; 25731,75; 25731,75
2025-12-11 00:26:05; 25732,0 ;       1; ASK ; 25732,0 ; 25732,0
2025-12-11 00:26:06; 25733,0 ;       3; ASK ; 25733,0 ; 25733,0
2025-12-11 00:26:09; 25731,0 ;       1; ASK ; 25731,0 ; 25731,0
2025-12-11 00:26:10; 25730,5 ;       1; ASK ; 25730,5 ; 25730,5
2025-12-11 00:26:13; 25730,5 ;       1; ASK ; 25730,5 ; 25730,5
2025-12-11 00:26:16; 25729,0 ;       6; ASK ; 25729,0 ; 25729,0
2025-12-11 00:26:17; 25730,5 ;       1; ASK ; 25730,5 ; 25730,5
2025-12-11 00:26:20; 25731,0 ;       1; ASK ; 25731,0 ; 25731,0
2025-12-11 00:26:24; 25731,5 ;       1; ASK ; 25731,5 ; 25731,5
2025-12-11 00:26:25; 25731,25;       3; ASK ; 25731,25; 25731,25
2025-12-11 00:26:26; 25731,5 ;       1; ASK ; 25731,5 ; 25731,5
2025-12-11 00:26:27; 25732,0 ;       1; ASK ; 25732,0 ; 25732,0
2025-12-11 00:26:28; 25732,0 ;       3; ASK ; 25732,0 ; 25732,0
2025-12-11 00:26:31; 25730,5 ;       2; ASK ; 25730,5 ; 25730,5
2025-12-11 00:26:32; 25730,5 ;       1; ASK ; 25730,5 ; 25730,5
2025-12-11 00:26:33; 25730,25;       2; ASK ; 25730,25; 25730,25
2025-12-11 00:26:34; 25730,0 ;       1; ASK ; 25730,0 ; 25730,0
2025-12-11 00:26:35; 25730,0 ;       1; ASK ; 25730,0 ; 25730,0
2025-12-11 00:26:36; 25729,25;       2; ASK ; 25729,25; 25729,25
2025-12-11 00:26:37; 25730,75;       3; ASK ; 25730,75; 25730,75
2025-12-11 00:26:38; 25729,25;       2; ASK ; 25729,25; 25729,25
2025-12-11 00:26:39; 25729,25;       1; ASK ; 25729,25; 25729,25
2025-12-11 00:26:40; 25728,5 ;       2; ASK ; 25728,5 ; 25728,5
2025-12-11 00:26:41; 25728,25;       2; ASK ; 25728,25; 25728,25
2025-12-11 00:26:42; 25728,25;       2; ASK ; 25728,25; 25728,25
2025-12-11 00:26:43; 25728,5 ;       7; ASK ; 25728,5 ; 25728,5
2025-12-11 00:26:44; 25728,5 ;       1; ASK ; 25728,5 ; 25728,5
2025-12-11 00:26:45; 25728,25;       1; ASK ; 25728,25; 25728,25
2025-12-11 00:26:46; 25727,75;       3; ASK ; 25727,75; 25727,75
2025-12-11 00:26:47; 25728,5 ;       2; ASK ; 25728,5 ; 25728,5
2025-12-11 00:26:48; 25727,25;       3; ASK ; 25727,25; 25727,25
2025-12-11 00:26:49; 25727,25;       2; ASK ; 25727,25; 25727,25
2025-12-11 00:26:50; 25727,25;       3; ASK ; 25727,25; 25727,25
2025-12-11 00:26:51; 25727,25;       6; ASK ; 25727,25; 25727,25
2025-12-11 00:26:52; 25727,25;       2; ASK ; 25727,25; 25727,25
2025-12-11 00:26:53; 25727,25;      14; ASK ; 25727,25; 25727,25
2025-12-11 00:26:54; 25725,25;       9; ASK ; 25725,25; 25725,25
2025-12-11 00:26:58; 25727,25;       1; ASK ; 25727,25; 25727,25
2025-12-11 00:27:00; 25726,75;       2; ASK ; 25726,75; 25726,75
2025-12-11 00:27:01; 25725,5 ;       3; ASK ; 25725,5 ; 25725,5
2025-12-11 00:27:02; 25726,75;       2; ASK ; 25726,75; 25726,75
2025-12-11 00:27:14; 25725,75;       3; ASK ; 25725,75; 25725,75
2025-12-11 00:27:15; 25725,0 ;       2; ASK ; 25725,0 ; 25725,0
2025-12-11 00:27:20; 25726,5 ;       2; ASK ; 25726,5 ; 25726,5
2025-12-11 00:27:21; 25725,75;       1; ASK ; 25725,75; 25725,75
2025-12-11 00:27:23; 25727,25;       3; ASK ; 25727,25; 25727,25
2025-12-11 00:27:28; 25726,0 ;       1; ASK ; 25726,0 ; 25726,0
2025-12-11 00:27:29; 25727,75;       7; ASK ; 25727,75; 25727,75
2025-12-11 00:27:32; 25728,5 ;       1; ASK ; 25728,5 ; 25728,5
2025-12-11 00:27:35; 25728,75;       1; ASK ; 25728,75; 25728,75
2025-12-11 00:27:40; 25729,0 ;       1; ASK ; 25729,0 ; 25729,0
2025-12-11 00:27:43; 25732,75;      31; ASK ; 25732,75; 25732,75
2025-12-11 00:27:44; 25733,75;       1; ASK ; 25733,75; 25733,75
2025-12-11 00:27:47; 25731,75;       1; ASK ; 25731,75; 25731,75
2025-12-11 00:27:48; 25733,25;       1; ASK ; 25733,25; 25733,25
2025-12-11 00:27:49; 25733,5 ;       2; ASK ; 25733,5 ; 25733,5
2025-12-11 00:27:50; 25731,75;       2; ASK ; 25731,75; 25731,75
2025-12-11 00:27:51; 25733,25;       2; ASK ; 25733,25; 25733,25
2025-12-11 00:27:54; 25730,5 ;       4; ASK ; 25730,5 ; 25730,5
2025-12-11 00:27:59; 25732,0 ;       3; ASK ; 25732,0 ; 25732,0
2025-12-11 00:28:00; 25732,75;       5; ASK ; 25732,75; 25732,75
2025-12-11 00:28:02; 25732,0 ;       5; ASK ; 25732,0 ; 25732,0
2025-12-11 00:28:06; 25730,25;     111; ASK ; 25730,25; 25730,25
2025-12-11 00:28:08; 25730,75;       2; ASK ; 25730,75; 25730,75
2025-12-11 00:28:11; 25730,25;       1; ASK ; 25730,25; 25730,25
2025-12-11 00:28:14; 25730,25;       2; ASK ; 25730,25; 25730,25
2025-12-11 00:28:15; 25729,25;       1; ASK ; 25729,25; 25729,25
2025-12-11 00:28:16; 25729,0 ;       1; ASK ; 25729,0 ; 25729,0
2025-12-11 00:28:20; 25729,25;       1; ASK ; 25729,25; 25729,25
2025-12-11 00:28:21; 25729,75;       3; ASK ; 25729,75; 25729,75
2025-12-11 00:28:27; 25730,75;       1; ASK ; 25730,75; 25730,75
2025-12-11 00:28:34; 25731,0 ;       8; ASK ; 25731,0 ; 25731,0
2025-12-11 00:28:35; 25731,25;       3; ASK ; 25731,25; 25731,25
2025-12-11 00:28:37; 25731,75;       1; ASK ; 25731,75; 25731,75
2025-12-11 00:28:39; 25732,0 ;       2; ASK ; 25732,0 ; 25732,0
2025-12-11 00:28:40; 25731,25;       3; ASK ; 25731,25; 25731,25
2025-12-11 00:28:42; 25733,0 ;       5; ASK ; 25733,0 ; 25733,0
2025-12-11 00:28:44; 25733,0 ;       1; ASK ; 25733,0 ; 25733,0
2025-12-11 00:28:46; 25732,25;       1; ASK ; 25732,25; 25732,25
2025-12-11 00:28:47; 25732,5 ;       1; ASK ; 25732,5 ; 25732,5
2025-12-11 00:28:48; 25732,5 ;       1; ASK ; 25732,5 ; 25732,5
2025-12-11 00:28:51; 25733,5 ;       1; ASK ; 25733,5 ; 25733,5
2025-12-11 00:28:52; 25733,0 ;       1; ASK ; 25733,0 ; 25733,0
2025-12-11 00:28:56; 25733,0 ;       2; ASK ; 25733,0 ; 25733,0
2025-12-11 00:28:58; 25732,25;       2; ASK ; 25732,25; 25732,25
2025-12-11 00:28:59; 25732,0 ;      10; ASK ; 25732,0 ; 25732,0
2025-12-11 00:29:01; 25732,25;       2; ASK ; 25732,25; 25732,25
2025-12-11 00:29:03; 25733,5 ;       1; ASK ; 25733,5 ; 25733,5
2025-12-11 00:29:07; 25734,0 ;       2; ASK ; 25734,0 ; 25734,0
2025-12-11 00:29:08; 25733,0 ;       1; ASK ; 25733,0 ; 25733,0
2025-12-11 00:29:10; 25732,0 ;       1; ASK ; 25732,0 ; 25732,0
2025-12-11 00:29:11; 25733,25;       1; ASK ; 25733,25; 25733,25
2025-12-11 00:29:12; 25733,5 ;       1; ASK ; 25733,5 ; 25733,5
2025-12-11 00:29:17; 25732,0 ;       1; ASK ; 25732,0 ; 25732,0
2025-12-11 00:29:24; 25731,75;       1; ASK ; 25731,75; 25731,75
2025-12-11 00:29:28; 25732,5 ;       4; ASK ; 25732,5 ; 25732,5
2025-12-11 00:29:35; 25730,5 ;       5; ASK ; 25730,5 ; 25730,5
2025-12-11 00:29:37; 25730,0 ;       1; ASK ; 25730,0 ; 25730,0
2025-12-11 00:29:38; 25729,0 ;       1; ASK ; 25729,0 ; 25729,0
2025-12-11 00:29:39; 25729,75;       1; ASK ; 25729,75; 25729,75
2025-12-11 00:29:41; 25729,25;       1; ASK ; 25729,25; 25729,25
2025-12-11 00:29:43; 25730,0 ;       3; ASK ; 25730,0 ; 25730,0
2025-12-11 00:29:53; 25729,0 ;       1; ASK ; 25729,0 ; 25729,0
2025-12-11 00:30:06; 25729,0 ;       3; ASK ; 25729,0 ; 25729,0
2025-12-11 00:30:07; 25729,25;       5; ASK ; 25729,25; 25729,25
2025-12-11 00:30:09; 25730,5 ;       1; ASK ; 25730,5 ; 25730,5
2025-12-11 00:30:15; 25729,5 ;       2; ASK ; 25729,5 ; 25729,5
2025-12-11 00:30:18; 25728,75;       3; ASK ; 25728,75; 25728,75
2025-12-11 00:30:24; 25730,0 ;       1; ASK ; 25730,0 ; 25730,0
2025-12-11 00:30:25; 25730,0 ;       1; ASK ; 25730,0 ; 25730,0
2025-12-11 00:30:26; 25730,25;       2; ASK ; 25730,25; 25730,25
2025-12-11 00:30:27; 25730,75;       2; ASK ; 25730,75; 25730,75
2025-12-11 00:30:33; 25731,0 ;       2; ASK ; 25731,0 ; 25731,0
2025-12-11 00:30:36; 25731,0 ;       1; ASK ; 25731,0 ; 25731,0
2025-12-11 00:30:41; 25730,5 ;       1; ASK ; 25730,5 ; 25730,5
2025-12-11 00:30:49; 25731,0 ;       1; ASK ; 25731,0 ; 25731,0
2025-12-11 00:30:55; 25731,75;       4; ASK ; 25731,75; 25731,75
2025-12-11 00:31:00; 25732,75;       2; ASK ; 25732,75; 25732,75
2025-12-11 00:31:01; 25734,0 ;       1; ASK ; 25734,0 ; 25734,0
2025-12-11 00:31:03; 25733,25;       3; ASK ; 25733,25; 25733,25
2025-12-11 00:31:04; 25732,25;       9; ASK ; 25732,25; 25732,25
2025-12-11 00:31:07; 25732,25;       1; ASK ; 25732,25; 25732,25
2025-12-11 00:31:08; 25733,0 ;       2; ASK ; 25733,0 ; 25733,0
2025-12-11 00:31:11; 25730,25;       2; ASK ; 25730,25; 25730,25
2025-12-11 00:31:15; 25730,25;       1; ASK ; 25730,25; 25730,25
2025-12-11 00:31:19; 25730,5 ;       1; ASK ; 25730,5 ; 25730,5
2025-12-11 00:31:22; 25730,5 ;       1; ASK ; 25730,5 ; 25730,5
2025-12-11 00:31:25; 25731,0 ;      10; ASK ; 25731,0 ; 25731,0
2025-12-11 00:31:26; 25731,0 ;       1; ASK ; 25731,0 ; 25731,0
2025-12-11 00:31:29; 25730,0 ;       5; ASK ; 25730,0 ; 25730,0
2025-12-11 00:31:33; 25730,25;       2; ASK ; 25730,25; 25730,25
2025-12-11 00:31:36; 25728,75;      15; ASK ; 25728,75; 25728,75
2025-12-11 00:31:42; 25727,25;       8; ASK ; 25727,25; 25727,25
2025-12-11 00:31:47; 25727,0 ;       1; ASK ; 25727,0 ; 25727,0
2025-12-11 00:31:50; 25727,75;       1; ASK ; 25727,75; 25727,75
2025-12-11 00:31:52; 25728,0 ;       1; ASK ; 25728,0 ; 25728,0
2025-12-11 00:31:56; 25728,75;       1; ASK ; 25728,75; 25728,75
2025-12-11 00:32:01; 25729,25;       1; ASK ; 25729,25; 25729,25
2025-12-11 00:32:03; 25728,0 ;       1; ASK ; 25728,0 ; 25728,0
2025-12-11 00:32:05; 25729,25;       1; ASK ; 25729,25; 25729,25
2025-12-11 00:32:06; 25729,25;       1; ASK ; 25729,25; 25729,25
2025-12-11 00:32:24; 25730,0 ;       2; ASK ; 25730,0 ; 25730,0
2025-12-11 00:32:28; 25730,75;       1; ASK ; 25730,75; 25730,75
2025-12-11 00:32:35; 25730,5 ;       1; ASK ; 25730,5 ; 25730,5
2025-12-11 00:32:39; 25729,75;       1; ASK ; 25729,75; 25729,75
2025-12-11 00:32:51; 25729,25;       1; ASK ; 25729,25; 25729,25
2025-12-11 00:32:59; 25730,0 ;       7; ASK ; 25730,0 ; 25730,0
2025-12-11 00:33:00; 25730,75;       6; ASK ; 25730,75; 25730,75
2025-12-11 00:33:03; 25731,75;       2; ASK ; 25731,75; 25731,75
2025-12-11 00:33:05; 25732,0 ;       4; ASK ; 25732,0 ; 25732,0
2025-12-11 00:33:06; 25730,75;       1; ASK ; 25730,75; 25730,75
2025-12-11 00:33:07; 25733,0 ;       3; ASK ; 25733,0 ; 25733,0
2025-12-11 00:33:08; 25731,25;       1; ASK ; 25731,25; 25731,25
2025-12-11 00:33:09; 25730,5 ;       2; ASK ; 25730,5 ; 25730,5
2025-12-11 00:33:11; 25732,0 ;       1; ASK ; 25732,0 ; 25732,0
2025-12-11 00:33:28; 25730,0 ;       2; ASK ; 25730,0 ; 25730,0
2025-12-11 00:33:31; 25730,0 ;       1; ASK ; 25730,0 ; 25730,0
2025-12-11 00:33:43; 25732,5 ;       1; ASK ; 25732,5 ; 25732,5
2025-12-11 00:33:49; 25731,25;       1; ASK ; 25731,25; 25731,25
2025-12-11 00:33:53; 25730,0 ;       3; ASK ; 25730,0 ; 25730,0
2025-12-11 00:33:58; 25732,25;       8; ASK ; 25732,25; 25732,25
2025-12-11 00:34:02; 25731,25;       1; ASK ; 25731,25; 25731,25
2025-12-11 00:34:12; 25731,0 ;       2; ASK ; 25731,0 ; 25731,0
2025-12-11 00:34:23; 25732,5 ;       1; ASK ; 25732,5 ; 25732,5
2025-12-11 00:34:30; 25730,25;       1; ASK ; 25730,25; 25730,25
2025-12-11 00:34:31; 25730,25;       1; ASK ; 25730,25; 25730,25
2025-12-11 00:34:36; 25730,0 ;       2; ASK ; 25730,0 ; 25730,0
2025-12-11 00:34:38; 25730,75;       1; ASK ; 25730,75; 25730,75
2025-12-11 00:34:39; 25730,75;       1; ASK ; 25730,75; 25730,75
2025-12-11 00:34:41; 25731,75;       1; ASK ; 25731,75; 25731,75
2025-12-11 00:34:46; 25731,75;       1; ASK ; 25731,75; 25731,75
2025-12-11 00:34:48; 25732,75;       2; ASK ; 25732,75; 25732,75
2025-12-11 00:34:51; 25731,75;       1; ASK ; 25731,75; 25731,75
2025-12-11 00:34:52; 25733,0 ;       1; ASK ; 25733,0 ; 25733,0
2025-12-11 00:35:03; 25731,25;       4; ASK ; 25731,25; 25731,25
2025-12-11 00:35:08; 25731,25;       2; ASK ; 25731,25; 25731,25
2025-12-11 00:35:10; 25730,75;       1; ASK ; 25730,75; 25730,75
2025-12-11 00:35:20; 25731,25;       1; ASK ; 25731,25; 25731,25
2025-12-11 00:35:21; 25731,75;       1; ASK ; 25731,75; 25731,75
2025-12-11 00:35:29; 25730,25;       2; ASK ; 25730,25; 25730,25
2025-12-11 00:35:30; 25729,5 ;       1; ASK ; 25729,5 ; 25729,5
2025-12-11 00:35:32; 25731,25;       5; ASK ; 25731,25; 25731,25
2025-12-11 00:35:34; 25731,5 ;       2; ASK ; 25731,5 ; 25731,5
2025-12-11 00:35:37; 25731,0 ;       2; ASK ; 25731,0 ; 25731,0
2025-12-11 00:35:41; 25732,25;       3; ASK ; 25732,25; 25732,25
2025-12-11 00:35:51; 25730,25;       1; ASK ; 25730,25; 25730,25
2025-12-11 00:35:55; 25730,0 ;       3; ASK ; 25730,0 ; 25730,0
2025-12-11 00:36:01; 25732,5 ;       4; ASK ; 25732,5 ; 25732,5
2025-12-11 00:36:07; 25732,0 ;       1; ASK ; 25732,0 ; 25732,0
2025-12-11 00:36:13; 25730,0 ;      29; ASK ; 25730,0 ; 25730,0
2025-12-11 00:36:14; 25728,25;       3; ASK ; 25728,25; 25728,25
2025-12-11 00:36:16; 25729,0 ;       3; ASK ; 25729,0 ; 25729,0
2025-12-11 00:36:20; 25729,5 ;       3; ASK ; 25729,5 ; 25729,5
2025-12-11 00:36:25; 25731,0 ;       1; ASK ; 25731,0 ; 25731,0
2025-12-11 00:36:31; 25730,75;       1; ASK ; 25730,75; 25730,75
2025-12-11 00:36:37; 25730,75;       2; ASK ; 25730,75; 25730,75
2025-12-11 00:36:39; 25730,75;       9; ASK ; 25730,75; 25730,75
2025-12-11 00:36:43; 25730,75;       2; ASK ; 25730,75; 25730,75
2025-12-11 00:36:50; 25731,25;       9; ASK ; 25731,25; 25731,25
2025-12-11 00:36:51; 25731,25;       6; ASK ; 25731,25; 25731,25
2025-12-11 00:36:59; 25731,25;      53; ASK ; 25731,25; 25731,25
2025-12-11 00:37:05; 25731,5 ;       1; ASK ; 25731,5 ; 25731,5
2025-12-11 00:37:10; 25733,5 ;       7; ASK ; 25733,5 ; 25733,5
2025-12-11 00:37:18; 25733,75;       1; ASK ; 25733,75; 25733,75
2025-12-11 00:37:19; 25732,25;       3; ASK ; 25732,25; 25732,25
2025-12-11 00:37:20; 25732,0 ;       2; ASK ; 25732,0 ; 25732,0
2025-12-11 00:37:21; 25733,0 ;       1; ASK ; 25733,0 ; 25733,0
2025-12-11 00:37:28; 25733,0 ;       3; ASK ; 25733,0 ; 25733,0
2025-12-11 00:37:29; 25732,5 ;       1; ASK ; 25732,5 ; 25732,5
2025-12-11 00:37:39; 25733,0 ;      12; ASK ; 25733,0 ; 25733,0
2025-12-11 00:37:43; 25734,5 ;       5; ASK ; 25734,5 ; 25734,5
2025-12-11 00:37:50; 25733,0 ;       5; ASK ; 25733,0 ; 25733,0
2025-12-11 00:37:53; 25732,75;       3; ASK ; 25732,75; 25732,75
2025-12-11 00:38:03; 25732,5 ;       1; ASK ; 25732,5 ; 25732,5
2025-12-11 00:38:04; 25732,5 ;       1; ASK ; 25732,5 ; 25732,5
2025-12-11 00:38:07; 25734,25;       1; ASK ; 25734,25; 25734,25
2025-12-11 00:38:14; 25734,5 ;       1; ASK ; 25734,5 ; 25734,5
2025-12-11 00:38:22; 25732,75;       2; ASK ; 25732,75; 25732,75
2025-12-11 00:38:24; 25731,75;       1; ASK ; 25731,75; 25731,75
2025-12-11 00:38:25; 25732,25;       1; ASK ; 25732,25; 25732,25
2025-12-11 00:38:42; 25732,25;       2; ASK ; 25732,25; 25732,25
2025-12-11 00:39:00; 25731,5 ;       1; ASK ; 25731,5 ; 25731,5
2025-12-11 00:39:01; 25730,0 ;       7; ASK ; 25730,0 ; 25730,0
2025-12-11 00:39:02; 25729,0 ;       4; ASK ; 25729,0 ; 25729,0
2025-12-11 00:39:10; 25730,0 ;       1; ASK ; 25730,0 ; 25730,0
2025-12-11 00:39:13; 25728,5 ;       9; ASK ; 25728,5 ; 25728,5
2025-12-11 00:39:14; 25729,75;       7; ASK ; 25729,75; 25729,75
2025-12-11 00:39:17; 25729,25;       1; ASK ; 25729,25; 25729,25
2025-12-11 00:39:18; 25730,25;       2; ASK ; 25730,25; 25730,25
2025-12-11 00:39:24; 25729,75;       1; ASK ; 25729,75; 25729,75
2025-12-11 00:39:28; 25731,0 ;       1; ASK ; 25731,0 ; 25731,0
2025-12-11 00:39:33; 25732,0 ;       9; ASK ; 25732,0 ; 25732,0
2025-12-11 00:39:35; 25732,0 ;       1; ASK ; 25732,0 ; 25732,0
2025-12-11 00:39:37; 25732,25;       1; ASK ; 25732,25; 25732,25
2025-12-11 00:39:42; 25732,25;       1; ASK ; 25732,25; 25732,25
2025-12-11 00:39:44; 25732,25;       1; ASK ; 25732,25; 25732,25
2025-12-11 00:40:08; 25733,0 ;       3; ASK ; 25733,0 ; 25733,0
2025-12-11 00:40:09; 25733,75;       2; ASK ; 25733,75; 25733,75
2025-12-11 00:40:20; 25731,25;       2; ASK ; 25731,25; 25731,25
2025-12-11 00:40:25; 25733,0 ;       1; ASK ; 25733,0 ; 25733,0
2025-12-11 00:40:34; 25731,5 ;       1; ASK ; 25731,5 ; 25731,5
2025-12-11 00:41:03; 25732,25;       6; ASK ; 25732,25; 25732,25
2025-12-11 00:41:17; 25730,75;      12; ASK ; 25730,75; 25730,75
2025-12-11 00:41:20; 25728,75;       2; ASK ; 25728,75; 25728,75
2025-12-11 00:41:22; 25729,5 ;       4; ASK ; 25729,5 ; 25729,5
2025-12-11 00:41:25; 25727,75;       5; ASK ; 25727,75; 25727,75
2025-12-11 00:41:27; 25729,5 ;       3; ASK ; 25729,5 ; 25729,5
2025-12-11 00:41:31; 25729,0 ;       1; ASK ; 25729,0 ; 25729,0
2025-12-11 00:41:36; 25729,0 ;       6; ASK ; 25729,0 ; 25729,0
2025-12-11 00:41:37; 25727,25;       3; ASK ; 25727,25; 25727,25
2025-12-11 00:41:43; 25728,25;       2; ASK ; 25728,25; 25728,25
2025-12-11 00:41:49; 25728,75;       1; ASK ; 25728,75; 25728,75
2025-12-11 00:41:57; 25727,75;       1; ASK ; 25727,75; 25727,75
2025-12-11 00:42:00; 25728,25;       1; ASK ; 25728,25; 25728,25
2025-12-11 00:42:02; 25728,0 ;       4; ASK ; 25728,0 ; 25728,0
2025-12-11 00:42:04; 25728,25;       2; ASK ; 25728,25; 25728,25
2025-12-11 00:42:08; 25727,25;       2; ASK ; 25727,25; 25727,25
2025-12-11 00:42:10; 25726,75;       1; ASK ; 25726,75; 25726,75
2025-12-11 00:42:11; 25726,5 ;       2; ASK ; 25726,5 ; 25726,5
2025-12-11 00:42:14; 25727,75;       7; ASK ; 25727,75; 25727,75
2025-12-11 00:42:17; 25729,25;       6; ASK ; 25729,25; 25729,25
2025-12-11 00:42:28; 25730,0 ;       2; ASK ; 25730,0 ; 25730,0
2025-12-11 00:42:38; 25730,0 ;       2; ASK ; 25730,0 ; 25730,0
2025-12-11 00:42:45; 25730,5 ;       1; ASK ; 25730,5 ; 25730,5
2025-12-11 00:42:59; 25731,0 ;       3; ASK ; 25731,0 ; 25731,0
2025-12-11 00:43:19; 25730,0 ;       1; ASK ; 25730,0 ; 25730,0
2025-12-11 00:43:24; 25729,25;       1; ASK ; 25729,25; 25729,25
2025-12-11 00:43:36; 25730,0 ;       1; ASK ; 25730,0 ; 25730,0
2025-12-11 00:43:41; 25730,0 ;       1; ASK ; 25730,0 ; 25730,0
2025-12-11 00:43:42; 25728,75;      25; ASK ; 25728,75; 25728,75
2025-12-11 00:43:55; 25728,0 ;       1; ASK ; 25728,0 ; 25728,0
2025-12-11 00:43:56; 25727,5 ;       1; ASK ; 25727,5 ; 25727,5
2025-12-11 00:43:58; 25727,5 ;       3; ASK ; 25727,5 ; 25727,5
2025-12-11 00:44:00; 25728,25;       2; ASK ; 25728,25; 25728,25
2025-12-11 00:44:02; 25728,0 ;       1; ASK ; 25728,0 ; 25728,0
2025-12-11 00:44:11; 25729,75;      20; ASK ; 25729,75; 25729,75
2025-12-11 00:44:20; 25729,75;       2; ASK ; 25729,75; 25729,75
2025-12-11 00:44:21; 25730,0 ;       1; ASK ; 25730,0 ; 25730,0
2025-12-11 00:44:36; 25730,0 ;       1; ASK ; 25730,0 ; 25730,0
2025-12-11 00:44:53; 25729,25;       3; ASK ; 25729,25; 25729,25
2025-12-11 00:45:03; 25730,0 ;       8; ASK ; 25730,0 ; 25730,0
2025-12-11 00:45:15; 25730,5 ;       3; ASK ; 25730,5 ; 25730,5
2025-12-11 00:45:21; 25730,5 ;       1; ASK ; 25730,5 ; 25730,5
2025-12-11 00:45:23; 25731,0 ;       2; ASK ; 25731,0 ; 25731,0
2025-12-11 00:45:24; 25730,0 ;       3; ASK ; 25730,0 ; 25730,0
2025-12-11 00:45:25; 25731,25;       1; ASK ; 25731,25; 25731,25
2025-12-11 00:45:32; 25729,25;       2; ASK ; 25729,25; 25729,25
2025-12-11 00:45:44; 25730,5 ;       4; ASK ; 25730,5 ; 25730,5
2025-12-11 00:45:48; 25729,5 ;       2; ASK ; 25729,5 ; 25729,5
2025-12-11 00:45:53; 25730,25;       2; ASK ; 25730,25; 25730,25
2025-12-11 00:46:00; 25731,5 ;       2; ASK ; 25731,5 ; 25731,5
2025-12-11 00:46:03; 25730,0 ;       2; ASK ; 25730,0 ; 25730,0
2025-12-11 00:46:05; 25731,0 ;       9; ASK ; 25731,0 ; 25731,0
2025-12-11 00:46:07; 25730,0 ;       4; ASK ; 25730,0 ; 25730,0
2025-12-11 00:46:10; 25730,5 ;       1; ASK ; 25730,5 ; 25730,5
2025-12-11 00:46:21; 25730,5 ;       2; ASK ; 25730,5 ; 25730,5
2025-12-11 00:46:31; 25732,0 ;       1; ASK ; 25732,0 ; 25732,0
2025-12-11 00:46:33; 25730,5 ;       1; ASK ; 25730,5 ; 25730,5
2025-12-11 00:46:46; 25733,0 ;      13; ASK ; 25733,0 ; 25733,0
2025-12-11 00:46:52; 25732,25;       1; ASK ; 25732,25; 25732,25
2025-12-11 00:46:59; 25733,25;       3; ASK ; 25733,25; 25733,25
2025-12-11 00:47:02; 25733,25;       1; ASK ; 25733,25; 25733,25
2025-12-11 00:47:03; 25732,5 ;       1; ASK ; 25732,5 ; 25732,5
2025-12-11 00:47:07; 25732,0 ;       1; ASK ; 25732,0 ; 25732,0
2025-12-11 00:47:13; 25733,5 ;       1; ASK ; 25733,5 ; 25733,5
2025-12-11 00:47:16; 25733,0 ;       1; ASK ; 25733,0 ; 25733,0
2025-12-11 00:47:17; 25732,75;       1; ASK ; 25732,75; 25732,75
2025-12-11 00:47:28; 25734,5 ;       6; ASK ; 25734,5 ; 25734,5
2025-12-11 00:47:31; 25735,25;      10; ASK ; 25735,25; 25735,25
2025-12-11 00:47:32; 25736,0 ;      10; ASK ; 25736,0 ; 25736,0
2025-12-11 00:47:36; 25735,0 ;       1; ASK ; 25735,0 ; 25735,0
2025-12-11 00:47:38; 25735,0 ;       1; ASK ; 25735,0 ; 25735,0
2025-12-11 00:47:39; 25735,0 ;       2; ASK ; 25735,0 ; 25735,0
2025-12-11 00:47:40; 25735,5 ;       1; ASK ; 25735,5 ; 25735,5
2025-12-11 00:47:47; 25737,0 ;      20; ASK ; 25737,0 ; 25737,0
2025-12-11 00:47:48; 25736,75;       5; ASK ; 25736,75; 25736,75
2025-12-11 00:47:49; 25735,5 ;      10; ASK ; 25735,5 ; 25735,5
2025-12-11 00:47:50; 25737,25;       2; ASK ; 25737,25; 25737,25
2025-12-11 00:47:51; 25737,75;       3; ASK ; 25737,75; 25737,75
2025-12-11 00:47:53; 25737,5 ;       1; ASK ; 25737,5 ; 25737,5
2025-12-11 00:47:54; 25737,5 ;       1; ASK ; 25737,5 ; 25737,5
2025-12-11 00:47:58; 25737,5 ;       2; ASK ; 25737,5 ; 25737,5
2025-12-11 00:47:59; 25737,75;       2; ASK ; 25737,75; 25737,75
2025-12-11 00:48:00; 25738,0 ;       2; ASK ; 25738,0 ; 25738,0
2025-12-11 00:48:01; 25738,0 ;       2; ASK ; 25738,0 ; 25738,0
2025-12-11 00:48:03; 25738,0 ;       2; ASK ; 25738,0 ; 25738,0
2025-12-11 00:48:04; 25737,0 ;       7; ASK ; 25737,0 ; 25737,0
2025-12-11 00:48:06; 25736,25;       1; ASK ; 25736,25; 25736,25
2025-12-11 00:48:13; 25735,0 ;       4; ASK ; 25735,0 ; 25735,0
2025-12-11 00:48:14; 25736,5 ;       1; ASK ; 25736,5 ; 25736,5
2025-12-11 00:48:16; 25736,25;       1; ASK ; 25736,25; 25736,25
2025-12-11 00:48:17; 25738,75;       8; ASK ; 25738,75; 25738,75
2025-12-11 00:48:18; 25737,25;       1; ASK ; 25737,25; 25737,25
2025-12-11 00:48:19; 25737,5 ;       1; ASK ; 25737,5 ; 25737,5
2025-12-11 00:48:20; 25739,0 ;       1; ASK ; 25739,0 ; 25739,0
2025-12-11 00:48:24; 25737,25;       3; ASK ; 25737,25; 25737,25
2025-12-11 00:48:35; 25735,75;       3; ASK ; 25735,75; 25735,75
2025-12-11 00:48:36; 25737,25;       1; ASK ; 25737,25; 25737,25
2025-12-11 00:48:39; 25737,25;       1; ASK ; 25737,25; 25737,25
2025-12-11 00:48:43; 25738,25;       1; ASK ; 25738,25; 25738,25
2025-12-11 00:48:44; 25737,25;       2; ASK ; 25737,25; 25737,25
2025-12-11 00:48:50; 25736,5 ;       3; ASK ; 25736,5 ; 25736,5
2025-12-11 00:48:52; 25737,25;       1; ASK ; 25737,25; 25737,25
2025-12-11 00:48:58; 25736,25;       5; ASK ; 25736,25; 25736,25
2025-12-11 00:48:59; 25736,75;       2; ASK ; 25736,75; 25736,75
2025-12-11 00:49:03; 25735,5 ;       1; ASK ; 25735,5 ; 25735,5
2025-12-11 00:49:06; 25735,0 ;       6; ASK ; 25735,0 ; 25735,0
2025-12-11 00:49:07; 25735,0 ;       1; ASK ; 25735,0 ; 25735,0
2025-12-11 00:49:11; 25735,75;       3; ASK ; 25735,75; 25735,75
2025-12-11 00:49:17; 25735,5 ;       9; ASK ; 25735,5 ; 25735,5
2025-12-11 00:49:22; 25735,0 ;       1; ASK ; 25735,0 ; 25735,0
2025-12-11 00:49:29; 25733,5 ;       1; ASK ; 25733,5 ; 25733,5
2025-12-11 00:49:31; 25732,75;       1; ASK ; 25732,75; 25732,75
2025-12-11 00:49:33; 25733,25;       1; ASK ; 25733,25; 25733,25
2025-12-11 00:49:37; 25733,75;       5; ASK ; 25733,75; 25733,75
2025-12-11 00:49:38; 25732,25;       1; ASK ; 25732,25; 25732,25
2025-12-11 00:49:40; 25732,0 ;       4; ASK ; 25732,0 ; 25732,0
2025-12-11 00:49:41; 25732,0 ;       2; ASK ; 25732,0 ; 25732,0
2025-12-11 00:49:42; 25732,75;       1; ASK ; 25732,75; 25732,75
2025-12-11 00:49:43; 25731,75;       2; ASK ; 25731,75; 25731,75
2025-12-11 00:49:44; 25731,75;       2; ASK ; 25731,75; 25731,75
2025-12-11 00:49:46; 25732,25;       4; ASK ; 25732,25; 25732,25
2025-12-11 00:49:49; 25734,0 ;       1; ASK ; 25734,0 ; 25734,0
2025-12-11 00:49:53; 25732,5 ;       2; ASK ; 25732,5 ; 25732,5
2025-12-11 00:49:56; 25731,75;       2; ASK ; 25731,75; 25731,75
2025-12-11 00:50:07; 25731,0 ;       1; ASK ; 25731,0 ; 25731,0
2025-12-11 00:50:09; 25731,0 ;       1; ASK ; 25731,0 ; 25731,0
2025-12-11 00:50:10; 25732,25;       1; ASK ; 25732,25; 25732,25
2025-12-11 00:50:19; 25731,75;       2; ASK ; 25731,75; 25731,75
2025-12-11 00:50:24; 25731,5 ;       1; ASK ; 25731,5 ; 25731,5
2025-12-11 00:50:27; 25730,5 ;       1; ASK ; 25730,5 ; 25730,5
2025-12-11 00:50:36; 25730,25;       2; ASK ; 25730,25; 25730,25
2025-12-11 00:50:38; 25729,75;       1; ASK ; 25729,75; 25729,75
2025-12-11 00:50:39; 25729,75;       2; ASK ; 25729,75; 25729,75
2025-12-11 00:50:47; 25729,0 ;       2; ASK ; 25729,0 ; 25729,0
2025-12-11 00:50:51; 25730,75;       3; ASK ; 25730,75; 25730,75
2025-12-11 00:50:52; 25731,5 ;       2; ASK ; 25731,5 ; 25731,5
2025-12-11 00:51:01; 25730,0 ;       1; ASK ; 25730,0 ; 25730,0
2025-12-11 00:51:05; 25730,75;       3; ASK ; 25730,75; 25730,75
2025-12-11 00:51:09; 25731,25;       1; ASK ; 25731,25; 25731,25
2025-12-11 00:51:11; 25731,75;       2; ASK ; 25731,75; 25731,75
2025-12-11 00:51:12; 25731,5 ;       2; ASK ; 25731,5 ; 25731,5
2025-12-11 00:51:16; 25730,5 ;       1; ASK ; 25730,5 ; 25730,5
2025-12-11 00:51:20; 25729,5 ;       1; ASK ; 25729,5 ; 25729,5
2025-12-11 00:51:21; 25730,25;       1; ASK ; 25730,25; 25730,25
2025-12-11 00:51:23; 25730,5 ;       2; ASK ; 25730,5 ; 25730,5
2025-12-11 00:51:29; 25731,25;       2; ASK ; 25731,25; 25731,25
2025-12-11 00:51:33; 25729,75;       2; ASK ; 25729,75; 25729,75
2025-12-11 00:51:40; 25729,75;       1; ASK ; 25729,75; 25729,75
2025-12-11 00:51:46; 25730,0 ;       1; ASK ; 25730,0 ; 25730,0
2025-12-11 00:51:48; 25730,25;       2; ASK ; 25730,25; 25730,25
2025-12-11 00:52:00; 25731,75;       3; ASK ; 25731,75; 25731,75
2025-12-11 00:52:25; 25732,0 ;       1; ASK ; 25732,0 ; 25732,0
2025-12-11 00:52:29; 25731,75;       7; ASK ; 25731,75; 25731,75
2025-12-11 00:52:35; 25731,75;       1; ASK ; 25731,75; 25731,75
2025-12-11 00:52:40; 25732,5 ;       4; ASK ; 25732,5 ; 25732,5
2025-12-11 00:52:41; 25733,0 ;       1; ASK ; 25733,0 ; 25733,0
2025-12-11 00:52:44; 25733,25;       3; ASK ; 25733,25; 25733,25
2025-12-11 00:52:49; 25731,75;       2; ASK ; 25731,75; 25731,75
2025-12-11 00:53:00; 25732,75;       1; ASK ; 25732,75; 25732,75
2025-12-11 00:53:21; 25732,0 ;       2; ASK ; 25732,0 ; 25732,0
2025-12-11 00:53:23; 25734,75;       5; ASK ; 25734,75; 25734,75
2025-12-11 00:53:28; 25732,25;       1; ASK ; 25732,25; 25732,25
2025-12-11 00:53:34; 25731,0 ;       6; ASK ; 25731,0 ; 25731,0
2025-12-11 00:53:49; 25730,75;       3; ASK ; 25730,75; 25730,75
2025-12-11 00:53:51; 25730,5 ;       1; ASK ; 25730,5 ; 25730,5
2025-12-11 00:53:59; 25731,5 ;       1; ASK ; 25731,5 ; 25731,5
2025-12-11 00:54:01; 25731,75;       1; ASK ; 25731,75; 25731,75
2025-12-11 00:54:07; 25730,5 ;       1; ASK ; 25730,5 ; 25730,5
2025-12-11 00:54:13; 25730,25;       4; ASK ; 25730,25; 25730,25
2025-12-11 00:54:15; 25730,0 ;       4; ASK ; 25730,0 ; 25730,0
2025-12-11 00:54:18; 25731,5 ;       1; ASK ; 25731,5 ; 25731,5
2025-12-11 00:54:23; 25732,0 ;       1; ASK ; 25732,0 ; 25732,0
2025-12-11 00:54:24; 25732,25;       1; ASK ; 25732,25; 25732,25
2025-12-11 00:54:28; 25731,5 ;       5; ASK ; 25731,5 ; 25731,5
2025-12-11 00:54:43; 25732,25;       1; ASK ; 25732,25; 25732,25
2025-12-11 00:55:00; 25732,25;       6; ASK ; 25732,25; 25732,25
2025-12-11 00:55:01; 25732,25;       3; ASK ; 25732,25; 25732,25
2025-12-11 00:55:20; 25732,75;       1; ASK ; 25732,75; 25732,75
2025-12-11 00:55:22; 25732,25;       1; ASK ; 25732,25; 25732,25
2025-12-11 00:55:53; 25732,5 ;       2; ASK ; 25732,5 ; 25732,5
2025-12-11 00:55:54; 25731,25;       1; ASK ; 25731,25; 25731,25
2025-12-11 00:55:55; 25731,75;       2; ASK ; 25731,75; 25731,75
2025-12-11 00:55:56; 25731,75;       1; ASK ; 25731,75; 25731,75
2025-12-11 00:55:57; 25731,75;       3; ASK ; 25731,75; 25731,75
2025-12-11 00:56:07; 25734,75;       4; ASK ; 25734,75; 25734,75
2025-12-11 00:56:08; 25734,75;       1; ASK ; 25734,75; 25734,75
2025-12-11 00:56:12; 25733,5 ;       3; ASK ; 25733,5 ; 25733,5
2025-12-11 00:56:15; 25733,25;       1; ASK ; 25733,25; 25733,25
2025-12-11 00:56:17; 25732,75;       1; ASK ; 25732,75; 25732,75
2025-12-11 00:56:27; 25733,75;       4; ASK ; 25733,75; 25733,75
2025-12-11 00:56:32; 25733,5 ;       1; ASK ; 25733,5 ; 25733,5
2025-12-11 00:56:47; 25734,5 ;       4; ASK ; 25734,5 ; 25734,5
2025-12-11 00:56:53; 25733,0 ;       1; ASK ; 25733,0 ; 25733,0
2025-12-11 00:56:55; 25732,0 ;       1; ASK ; 25732,0 ; 25732,0
2025-12-11 00:56:56; 25732,0 ;       2; ASK ; 25732,0 ; 25732,0
2025-12-11 00:57:00; 25732,0 ;       1; ASK ; 25732,0 ; 25732,0
2025-12-11 00:57:09; 25733,0 ;       4; ASK ; 25733,0 ; 25733,0
2025-12-11 00:57:21; 25733,25;       1; ASK ; 25733,25; 25733,25
2025-12-11 00:57:25; 25733,75;       1; ASK ; 25733,75; 25733,75
2025-12-11 00:57:26; 25735,25;       4; ASK ; 25735,25; 25735,25
2025-12-11 00:57:27; 25736,75;       4; ASK ; 25736,75; 25736,75
2025-12-11 00:57:29; 25734,75;       5; ASK ; 25734,75; 25734,75
2025-12-11 00:57:56; 25736,75;       2; ASK ; 25736,75; 25736,75
2025-12-11 00:57:58; 25737,0 ;       2; ASK ; 25737,0 ; 25737,0
2025-12-11 00:58:01; 25737,75;       1; ASK ; 25737,75; 25737,75
2025-12-11 00:58:03; 25736,0 ;       1; ASK ; 25736,0 ; 25736,0
2025-12-11 00:58:13; 25737,25;       3; ASK ; 25737,25; 25737,25
2025-12-11 00:58:14; 25736,5 ;       2; ASK ; 25736,5 ; 25736,5
2025-12-11 00:58:16; 25736,5 ;       1; ASK ; 25736,5 ; 25736,5
2025-12-11 00:58:17; 25736,25;       5; ASK ; 25736,25; 25736,25
2025-12-11 00:58:19; 25736,5 ;       1; ASK ; 25736,5 ; 25736,5
2025-12-11 00:58:21; 25735,0 ;       2; ASK ; 25735,0 ; 25735,0
2025-12-11 00:58:29; 25734,25;       1; ASK ; 25734,25; 25734,25
2025-12-11 00:58:30; 25736,25;      10; ASK ; 25736,25; 25736,25
2025-12-11 00:58:31; 25734,25;       1; ASK ; 25734,25; 25734,25
2025-12-11 00:58:35; 25733,75;       1; ASK ; 25733,75; 25733,75
2025-12-11 00:58:37; 25733,75;       1; ASK ; 25733,75; 25733,75
2025-12-11 00:58:50; 25733,0 ;       4; ASK ; 25733,0 ; 25733,0
2025-12-11 00:58:55; 25731,5 ;      10; ASK ; 25731,5 ; 25731,5
2025-12-11 00:58:59; 25732,25;       2; ASK ; 25732,25; 25732,25
2025-12-11 00:59:00; 25733,75;       1; ASK ; 25733,75; 25733,75
2025-12-11 00:59:01; 25731,75;      10; ASK ; 25731,75; 25731,75
2025-12-11 00:59:14; 25732,0 ;       1; ASK ; 25732,0 ; 25732,0
2025-12-11 00:59:29; 25731,75;       2; ASK ; 25731,75; 25731,75
2025-12-11 00:59:37; 25732,75;       2; ASK ; 25732,75; 25732,75
2025-12-11 00:59:38; 25732,75;       1; ASK ; 25732,75; 25732,75
2025-12-11 00:59:41; 25733,0 ;       1; ASK ; 25733,0 ; 25733,0
2025-12-11 00:59:47; 25733,0 ;       2; ASK ; 25733,0 ; 25733,0
2025-12-11 00:59:51; 25732,25;       1; ASK ; 25732,25; 25732,25
2025-12-11 00:59:54; 25731,25;       1; ASK ; 25731,25; 25731,25
2025-12-11 00:59:55; 25730,0 ;       8; ASK ; 25730,0 ; 25730,0
2025-12-11 00:59:57; 25730,5 ;       2; ASK ; 25730,5 ; 25730,5
2025-12-11 01:00:00; 25730,5 ;       5; ASK ; 25730,5 ; 25730,5
2025-12-11 01:00:01; 25731,0 ;       5; ASK ; 25731,0 ; 25731,0
2025-12-11 01:00:02; 25731,25;      15; ASK ; 25731,25; 25731,25
2025-12-11 01:00:03; 25732,25;       3; ASK ; 25732,25; 25732,25
2025-12-11 01:00:04; 25732,0 ;       9; ASK ; 25732,0 ; 25732,0
2025-12-11 01:00:05; 25730,5 ;       2; ASK ; 25730,5 ; 25730,5
2025-12-11 01:00:09; 25730,5 ;       1; ASK ; 25730,5 ; 25730,5
2025-12-11 01:00:13; 25730,75;       1; ASK ; 25730,75; 25730,75
2025-12-11 01:00:14; 25730,0 ;       1; ASK ; 25730,0 ; 25730,0
2025-12-11 01:00:15; 25730,0 ;       1; ASK ; 25730,0 ; 25730,0
2025-12-11 01:00:16; 25730,75;       1; ASK ; 25730,75; 25730,75
2025-12-11 01:00:20; 25730,75;       1; ASK ; 25730,75; 25730,75
2025-12-11 01:00:26; 25731,5 ;       5; ASK ; 25731,5 ; 25731,5
2025-12-11 01:00:28; 25730,0 ;      10; ASK ; 25730,0 ; 25730,0
2025-12-11 01:00:29; 25728,0 ;       7; ASK ; 25728,0 ; 25728,0
2025-12-11 01:00:30; 25725,5 ;       6; ASK ; 25725,5 ; 25725,5
2025-12-11 01:00:31; 25725,0 ;       2; ASK ; 25725,0 ; 25725,0
2025-12-11 01:00:32; 25724,75;      25; ASK ; 25724,75; 25724,75
2025-12-11 01:00:33; 25724,75;       7; ASK ; 25724,75; 25724,75
2025-12-11 01:00:34; 25723,75;       5; ASK ; 25723,75; 25723,75
2025-12-11 01:00:35; 25724,0 ;      12; ASK ; 25724,0 ; 25724,0
2025-12-11 01:00:36; 25725,5 ;       5; ASK ; 25725,5 ; 25725,5
2025-12-11 01:00:37; 25726,0 ;       3; ASK ; 25726,0 ; 25726,0
2025-12-11 01:00:38; 25726,25;       1; ASK ; 25726,25; 25726,25
2025-12-11 01:00:39; 25726,25;       1; ASK ; 25726,25; 25726,25
2025-12-11 01:00:40; 25724,5 ;       2; ASK ; 25724,5 ; 25724,5
2025-12-11 01:00:41; 25724,5 ;       1; ASK ; 25724,5 ; 25724,5
2025-12-11 01:00:42; 25726,25;       1; ASK ; 25726,25; 25726,25
2025-12-11 01:00:43; 25726,25;       5; ASK ; 25726,25; 25726,25
2025-12-11 01:00:44; 25726,75;       2; ASK ; 25726,75; 25726,75
2025-12-11 01:00:48; 25725,0 ;       4; ASK ; 25725,0 ; 25725,0
2025-12-11 01:00:52; 25723,5 ;       5; ASK ; 25723,5 ; 25723,5
2025-12-11 01:00:53; 25723,75;       2; ASK ; 25723,75; 25723,75
2025-12-11 01:00:54; 25724,25;       1; ASK ; 25724,25; 25724,25
2025-12-11 01:00:58; 25723,5 ;       2; ASK ; 25723,5 ; 25723,5
2025-12-11 01:01:00; 25722,0 ;       8; ASK ; 25722,0 ; 25722,0
2025-12-11 01:01:02; 25722,25;       1; ASK ; 25722,25; 25722,25
2025-12-11 01:01:03; 25723,75;       3; ASK ; 25723,75; 25723,75
2025-12-11 01:01:04; 25721,5 ;      15; ASK ; 25721,5 ; 25721,5
2025-12-11 01:01:05; 25722,0 ;       1; ASK ; 25722,0 ; 25722,0
2025-12-11 01:01:06; 25722,0 ;       8; ASK ; 25722,0 ; 25722,0
2025-12-11 01:01:07; 25721,0 ;       2; ASK ; 25721,0 ; 25721,0
2025-12-11 01:01:08; 25721,25;       1; ASK ; 25721,25; 25721,25
2025-12-11 01:01:09; 25721,5 ;       2; ASK ; 25721,5 ; 25721,5
2025-12-11 01:01:10; 25722,5 ;       1; ASK ; 25722,5 ; 25722,5
2025-12-11 01:01:13; 25721,0 ;       2; ASK ; 25721,0 ; 25721,0
2025-12-11 01:01:15; 25721,75;       2; ASK ; 25721,75; 25721,75
2025-12-11 01:01:16; 25719,75;      16; ASK ; 25719,75; 25719,75
2025-12-11 01:01:18; 25721,5 ;       3; ASK ; 25721,5 ; 25721,5
2025-12-11 01:01:19; 25720,5 ;       1; ASK ; 25720,5 ; 25720,5
2025-12-11 01:01:20; 25723,0 ;       5; ASK ; 25723,0 ; 25723,0
2025-12-11 01:01:21; 25724,75;       2; ASK ; 25724,75; 25724,75
2025-12-11 01:01:24; 25724,5 ;       4; ASK ; 25724,5 ; 25724,5
2025-12-11 01:01:29; 25722,75;       3; ASK ; 25722,75; 25722,75
2025-12-11 01:01:32; 25721,75;       1; ASK ; 25721,75; 25721,75
2025-12-11 01:01:33; 25721,75;       2; ASK ; 25721,75; 25721,75
2025-12-11 01:01:35; 25721,75;       2; ASK ; 25721,75; 25721,75
2025-12-11 01:01:37; 25721,5 ;       1; ASK ; 25721,5 ; 25721,5
2025-12-11 01:01:43; 25721,25;       1; ASK ; 25721,25; 25721,25
2025-12-11 01:01:50; 25719,25;       2; ASK ; 25719,25; 25719,25
2025-12-11 01:01:51; 25718,75;       4; ASK ; 25718,75; 25718,75
2025-12-11 01:01:52; 25719,25;       1; ASK ; 25719,25; 25719,25
2025-12-11 01:01:53; 25719,0 ;       2; ASK ; 25719,0 ; 25719,0
2025-12-11 01:02:01; 25720,25;       2; ASK ; 25720,25; 25720,25
2025-12-11 01:02:02; 25720,5 ;       5; ASK ; 25720,5 ; 25720,5
2025-12-11 01:02:03; 25719,5 ;       1; ASK ; 25719,5 ; 25719,5
2025-12-11 01:02:05; 25719,0 ;       1; ASK ; 25719,0 ; 25719,0
2025-12-11 01:02:06; 25720,25;       1; ASK ; 25720,25; 25720,25
2025-12-11 01:02:08; 25719,75;       1; ASK ; 25719,75; 25719,75
2025-12-11 01:02:09; 25718,75;       1; ASK ; 25718,75; 25718,75
2025-12-11 01:02:10; 25718,5 ;       4; ASK ; 25718,5 ; 25718,5
2025-12-11 01:02:15; 25720,0 ;       3; ASK ; 25720,0 ; 25720,0
2025-12-11 01:02:16; 25721,5 ;       5; ASK ; 25721,5 ; 25721,5
2025-12-11 01:02:21; 25721,0 ;       1; ASK ; 25721,0 ; 25721,0
2025-12-11 01:02:22; 25720,5 ;       4; ASK ; 25720,5 ; 25720,5
2025-12-11 01:02:24; 25721,5 ;       2; ASK ; 25721,5 ; 25721,5
2025-12-11 01:02:29; 25723,25;       2; ASK ; 25723,25; 25723,25
2025-12-11 01:02:31; 25721,5 ;       1; ASK ; 25721,5 ; 25721,5
2025-12-11 01:02:35; 25721,25;       1; ASK ; 25721,25; 25721,25
2025-12-11 01:02:39; 25719,5 ;       1; ASK ; 25719,5 ; 25719,5
2025-12-11 01:02:40; 25721,25;       4; ASK ; 25721,25; 25721,25
2025-12-11 01:02:45; 25721,25;       8; ASK ; 25721,25; 25721,25
2025-12-11 01:02:50; 25719,75;       1; ASK ; 25719,75; 25719,75
2025-12-11 01:02:51; 25721,25;       1; ASK ; 25721,25; 25721,25
2025-12-11 01:02:52; 25721,5 ;       1; ASK ; 25721,5 ; 25721,5
2025-12-11 01:02:59; 25722,0 ;       1; ASK ; 25722,0 ; 25722,0
2025-12-11 01:03:04; 25719,75;       4; ASK ; 25719,75; 25719,75
2025-12-11 01:03:12; 25719,0 ;       6; ASK ; 25719,0 ; 25719,0
2025-12-11 01:03:15; 25718,0 ;      13; ASK ; 25718,0 ; 25718,0
2025-12-11 01:03:16; 25719,25;       1; ASK ; 25719,25; 25719,25
2025-12-11 01:03:17; 25713,25;     120; ASK ; 25713,25; 25713,25
2025-12-11 01:03:18; 25716,25;      15; ASK ; 25716,25; 25716,25
2025-12-11 01:03:19; 25716,5 ;       2; ASK ; 25716,5 ; 25716,5
2025-12-11 01:03:20; 25716,25;       7; ASK ; 25716,25; 25716,25
2025-12-11 01:03:21; 25717,0 ;       1; ASK ; 25717,0 ; 25717,0
2025-12-11 01:03:22; 25715,75;       3; ASK ; 25715,75; 25715,75
2025-12-11 01:03:23; 25714,75;       6; ASK ; 25714,75; 25714,75
2025-12-11 01:03:25; 25715,25;       1; ASK ; 25715,25; 25715,25
2025-12-11 01:03:28; 25717,0 ;       1; ASK ; 25717,0 ; 25717,0
2025-12-11 01:03:30; 25717,25;       1; ASK ; 25717,25; 25717,25
2025-12-11 01:03:33; 25717,5 ;       1; ASK ; 25717,5 ; 25717,5
2025-12-11 01:03:36; 25717,5 ;       4; ASK ; 25717,5 ; 25717,5
2025-12-11 01:03:38; 25718,25;       2; ASK ; 25718,25; 25718,25
2025-12-11 01:03:42; 25717,25;      24; ASK ; 25717,25; 25717,25
2025-12-11 01:03:43; 25718,75;       1; ASK ; 25718,75; 25718,75
2025-12-11 01:03:45; 25716,5 ;      11; ASK ; 25716,5 ; 25716,5
2025-12-11 01:03:47; 25716,75;       1; ASK ; 25716,75; 25716,75
2025-12-11 01:03:49; 25713,75;      15; ASK ; 25713,75; 25713,75
2025-12-11 01:03:50; 25715,25;       1; ASK ; 25715,25; 25715,25
2025-12-11 01:03:52; 25713,0 ;       2; ASK ; 25713,0 ; 25713,0
2025-12-11 01:03:53; 25715,0 ;      36; ASK ; 25715,0 ; 25715,0
2025-12-11 01:03:54; 25715,25;       3; ASK ; 25715,25; 25715,25
2025-12-11 01:03:55; 25713,5 ;       1; ASK ; 25713,5 ; 25713,5
2025-12-11 01:03:58; 25713,75;       1; ASK ; 25713,75; 25713,75
2025-12-11 01:03:59; 25715,0 ;       1; ASK ; 25715,0 ; 25715,0
2025-12-11 01:04:00; 25713,5 ;       1; ASK ; 25713,5 ; 25713,5
2025-12-11 01:04:02; 25715,0 ;       1; ASK ; 25715,0 ; 25715,0
2025-12-11 01:04:03; 25713,75;       1; ASK ; 25713,75; 25713,75
2025-12-11 01:04:04; 25714,5 ;       1; ASK ; 25714,5 ; 25714,5
2025-12-11 01:04:06; 25712,25;       3; ASK ; 25712,25; 25712,25
2025-12-11 01:04:08; 25712,5 ;       1; ASK ; 25712,5 ; 25712,5
2025-12-11 01:04:09; 25712,5 ;       1; ASK ; 25712,5 ; 25712,5
2025-12-11 01:04:10; 25711,5 ;       7; ASK ; 25711,5 ; 25711,5
2025-12-11 01:04:13; 25711,0 ;       5; ASK ; 25711,0 ; 25711,0
2025-12-11 01:04:14; 25711,5 ;       2; ASK ; 25711,5 ; 25711,5
2025-12-11 01:04:17; 25712,25;       4; ASK ; 25712,25; 25712,25
2025-12-11 01:04:19; 25711,5 ;       1; ASK ; 25711,5 ; 25711,5
2025-12-11 01:04:21; 25711,75;       1; ASK ; 25711,75; 25711,75
2025-12-11 01:04:22; 25712,75;       5; ASK ; 25712,75; 25712,75
2025-12-11 01:04:25; 25713,0 ;       1; ASK ; 25713,0 ; 25713,0
2025-12-11 01:04:26; 25711,5 ;       2; ASK ; 25711,5 ; 25711,5
2025-12-11 01:04:29; 25711,5 ;       2; ASK ; 25711,5 ; 25711,5
2025-12-11 01:04:31; 25711,0 ;       1; ASK ; 25711,0 ; 25711,0
2025-12-11 01:04:33; 25712,0 ;       3; ASK ; 25712,0 ; 25712,0
2025-12-11 01:04:39; 25710,0 ;       9; ASK ; 25710,0 ; 25710,0
2025-12-11 01:04:41; 25711,25;       2; ASK ; 25711,25; 25711,25
2025-12-11 01:04:42; 25710,75;       1; ASK ; 25710,75; 25710,75
2025-12-11 01:04:43; 25712,25;       2; ASK ; 25712,25; 25712,25
2025-12-11 01:04:44; 25712,0 ;       3; ASK ; 25712,0 ; 25712,0
2025-12-11 01:04:45; 25711,25;       2; ASK ; 25711,25; 25711,25
2025-12-11 01:04:47; 25711,75;       5; ASK ; 25711,75; 25711,75
2025-12-11 01:04:48; 25712,0 ;       2; ASK ; 25712,0 ; 25712,0
2025-12-11 01:04:50; 25712,5 ;       1; ASK ; 25712,5 ; 25712,5
2025-12-11 01:04:51; 25711,25;       1; ASK ; 25711,25; 25711,25
2025-12-11 01:04:53; 25711,75;       1; ASK ; 25711,75; 25711,75
2025-12-11 01:04:56; 25710,75;       2; ASK ; 25710,75; 25710,75
2025-12-11 01:05:01; 25713,0 ;       4; ASK ; 25713,0 ; 25713,0
2025-12-11 01:05:04; 25713,25;       8; ASK ; 25713,25; 25713,25
2025-12-11 01:05:05; 25712,75;       3; ASK ; 25712,75; 25712,75
2025-12-11 01:05:07; 25713,0 ;       1; ASK ; 25713,0 ; 25713,0
2025-12-11 01:05:08; 25712,5 ;       1; ASK ; 25712,5 ; 25712,5
2025-12-11 01:05:09; 25713,5 ;       1; ASK ; 25713,5 ; 25713,5
2025-12-11 01:05:10; 25714,25;       2; ASK ; 25714,25; 25714,25
2025-12-11 01:05:13; 25712,25;       1; ASK ; 25712,25; 25712,25
2025-12-11 01:05:18; 25714,25;       4; ASK ; 25714,25; 25714,25
2025-12-11 01:05:19; 25715,5 ;       1; ASK ; 25715,5 ; 25715,5
2025-12-11 01:05:20; 25715,0 ;       5; ASK ; 25715,0 ; 25715,0
2025-12-11 01:05:22; 25716,25;       1; ASK ; 25716,25; 25716,25
2025-12-11 01:05:24; 25717,0 ;       5; ASK ; 25717,0 ; 25717,0
2025-12-11 01:05:25; 25716,75;       1; ASK ; 25716,75; 25716,75
2025-12-11 01:05:26; 25716,25;       3; ASK ; 25716,25; 25716,25
2025-12-11 01:05:27; 25716,75;       2; ASK ; 25716,75; 25716,75
2025-12-11 01:05:28; 25715,75;       1; ASK ; 25715,75; 25715,75
2025-12-11 01:05:29; 25717,0 ;       2; ASK ; 25717,0 ; 25717,0
2025-12-11 01:05:31; 25717,25;       3; ASK ; 25717,25; 25717,25
2025-12-11 01:05:32; 25718,0 ;       2; ASK ; 25718,0 ; 25718,0
2025-12-11 01:05:33; 25717,25;      26; ASK ; 25717,25; 25717,25
2025-12-11 01:05:34; 25719,25;       1; ASK ; 25719,25; 25719,25
2025-12-11 01:05:36; 25720,25;       4; ASK ; 25720,25; 25720,25
2025-12-11 01:05:37; 25720,0 ;       3; ASK ; 25720,0 ; 25720,0
2025-12-11 01:05:38; 25718,5 ;       2; ASK ; 25718,5 ; 25718,5
2025-12-11 01:05:39; 25719,75;       1; ASK ; 25719,75; 25719,75
2025-12-11 01:05:43; 25717,0 ;       1; ASK ; 25717,0 ; 25717,0
2025-12-11 01:05:44; 25715,75;      12; ASK ; 25715,75; 25715,75
2025-12-11 01:05:47; 25714,25;       2; ASK ; 25714,25; 25714,25
2025-12-11 01:05:49; 25713,25;       5; ASK ; 25713,25; 25713,25
2025-12-11 01:05:52; 25714,75;      10; ASK ; 25714,75; 25714,75
2025-12-11 01:05:53; 25714,0 ;       2; ASK ; 25714,0 ; 25714,0
2025-12-11 01:06:00; 25712,75;       1; ASK ; 25712,75; 25712,75
2025-12-11 01:06:04; 25713,5 ;       1; ASK ; 25713,5 ; 25713,5
2025-12-11 01:06:05; 25713,25;      16; ASK ; 25713,25; 25713,25
2025-12-11 01:06:07; 25712,25;       1; ASK ; 25712,25; 25712,25
2025-12-11 01:06:08; 25713,25;       2; ASK ; 25713,25; 25713,25
2025-12-11 01:06:10; 25712,0 ;       5; ASK ; 25712,0 ; 25712,0
2025-12-11 01:06:12; 25711,75;       2; ASK ; 25711,75; 25711,75
2025-12-11 01:06:17; 25712,75;       3; ASK ; 25712,75; 25712,75
2025-12-11 01:06:18; 25711,5 ;       2; ASK ; 25711,5 ; 25711,5
2025-12-11 01:06:19; 25713,5 ;       2; ASK ; 25713,5 ; 25713,5
2025-12-11 01:06:23; 25712,25;       1; ASK ; 25712,25; 25712,25
2025-12-11 01:06:24; 25710,75;       9; ASK ; 25710,75; 25710,75
2025-12-11 01:06:27; 25714,5 ;      10; ASK ; 25714,5 ; 25714,5
2025-12-11 01:06:30; 25714,25;       1; ASK ; 25714,25; 25714,25
2025-12-11 01:06:33; 25713,5 ;       7; ASK ; 25713,5 ; 25713,5
2025-12-11 01:06:34; 25712,25;       1; ASK ; 25712,25; 25712,25
2025-12-11 01:06:38; 25715,0 ;       7; ASK ; 25715,0 ; 25715,0
2025-12-11 01:06:41; 25715,5 ;       5; ASK ; 25715,5 ; 25715,5
2025-12-11 01:06:44; 25715,25;       1; ASK ; 25715,25; 25715,25
2025-12-11 01:06:46; 25717,25;       2; ASK ; 25717,25; 25717,25
2025-12-11 01:06:48; 25715,25;       1; ASK ; 25715,25; 25715,25
2025-12-11 01:06:57; 25714,25;       3; ASK ; 25714,25; 25714,25
2025-12-11 01:06:58; 25716,25;       1; ASK ; 25716,25; 25716,25
2025-12-11 01:07:03; 25713,25;       1; ASK ; 25713,25; 25713,25
2025-12-11 01:07:05; 25713,75;       3; ASK ; 25713,75; 25713,75
2025-12-11 01:07:06; 25713,75;       1; ASK ; 25713,75; 25713,75
2025-12-11 01:07:08; 25715,0 ;       2; ASK ; 25715,0 ; 25715,0
2025-12-11 01:07:09; 25715,5 ;       2; ASK ; 25715,5 ; 25715,5
2025-12-11 01:07:22; 25714,75;       1; ASK ; 25714,75; 25714,75
2025-12-11 01:07:24; 25714,5 ;       1; ASK ; 25714,5 ; 25714,5
2025-12-11 01:07:34; 25714,25;       1; ASK ; 25714,25; 25714,25
2025-12-11 01:07:42; 25713,0 ;       1; ASK ; 25713,0 ; 25713,0
2025-12-11 01:07:44; 25713,0 ;       4; ASK ; 25713,0 ; 25713,0
2025-12-11 01:07:48; 25713,25;       1; ASK ; 25713,25; 25713,25
2025-12-11 01:07:49; 25714,25;       2; ASK ; 25714,25; 25714,25
2025-12-11 01:07:58; 25716,75;      30; ASK ; 25716,75; 25716,75
2025-12-11 01:08:03; 25715,5 ;       1; ASK ; 25715,5 ; 25715,5
2025-12-11 01:08:05; 25715,5 ;       1; ASK ; 25715,5 ; 25715,5
2025-12-11 01:08:06; 25715,5 ;       1; ASK ; 25715,5 ; 25715,5
2025-12-11 01:08:12; 25716,75;       2; ASK ; 25716,75; 25716,75
2025-12-11 01:08:19; 25717,25;       1; ASK ; 25717,25; 25717,25
2025-12-11 01:08:24; 25717,25;       1; ASK ; 25717,25; 25717,25
2025-12-11 01:08:30; 25718,0 ;       6; ASK ; 25718,0 ; 25718,0
2025-12-11 01:08:38; 25714,0 ;      10; ASK ; 25714,0 ; 25714,0
2025-12-11 01:08:41; 25716,25;       1; ASK ; 25716,25; 25716,25
2025-12-11 01:08:43; 25716,5 ;       1; ASK ; 25716,5 ; 25716,5
2025-12-11 01:08:50; 25715,25;       3; ASK ; 25715,25; 25715,25
2025-12-11 01:08:52; 25716,5 ;       1; ASK ; 25716,5 ; 25716,5
2025-12-11 01:08:55; 25716,75;       4; ASK ; 25716,75; 25716,75
2025-12-11 01:08:57; 25717,25;       1; ASK ; 25717,25; 25717,25
2025-12-11 01:09:02; 25717,25;       1; ASK ; 25717,25; 25717,25
2025-12-11 01:09:15; 25716,25;       2; ASK ; 25716,25; 25716,25
2025-12-11 01:09:16; 25714,25;      18; ASK ; 25714,25; 25714,25
2025-12-11 01:09:18; 25716,25;       3; ASK ; 25716,25; 25716,25
2025-12-11 01:09:22; 25714,0 ;       9; ASK ; 25714,0 ; 25714,0
2025-12-11 01:09:25; 25713,5 ;       1; ASK ; 25713,5 ; 25713,5
2025-12-11 01:09:34; 25715,75;       3; ASK ; 25715,75; 25715,75
2025-12-11 01:09:35; 25714,0 ;       1; ASK ; 25714,0 ; 25714,0
2025-12-11 01:09:37; 25713,25;       1; ASK ; 25713,25; 25713,25
2025-12-11 01:09:40; 25713,0 ;       2; ASK ; 25713,0 ; 25713,0
2025-12-11 01:09:41; 25712,0 ;       2; ASK ; 25712,0 ; 25712,0
2025-12-11 01:09:45; 25714,5 ;       4; ASK ; 25714,5 ; 25714,5
2025-12-11 01:09:51; 25713,5 ;       3; ASK ; 25713,5 ; 25713,5
2025-12-11 01:09:54; 25712,25;       2; ASK ; 25712,25; 25712,25
2025-12-11 01:09:58; 25713,25;       4; ASK ; 25713,25; 25713,25
2025-12-11 01:09:59; 25713,5 ;       1; ASK ; 25713,5 ; 25713,5
2025-12-11 01:10:01; 25713,5 ;       1; ASK ; 25713,5 ; 25713,5
2025-12-11 01:10:07; 25711,0 ;       1; ASK ; 25711,0 ; 25711,0
2025-12-11 01:10:09; 25712,25;       1; ASK ; 25712,25; 25712,25
2025-12-11 01:10:11; 25711,5 ;       2; ASK ; 25711,5 ; 25711,5
2025-12-11 01:10:13; 25710,5 ;       7; ASK ; 25710,5 ; 25710,5
2025-12-11 01:10:15; 25710,5 ;       1; ASK ; 25710,5 ; 25710,5
2025-12-11 01:10:19; 25712,0 ;       2; ASK ; 25712,0 ; 25712,0
2025-12-11 01:10:21; 25712,25;       4; ASK ; 25712,25; 25712,25
2025-12-11 01:10:27; 25711,0 ;       1; ASK ; 25711,0 ; 25711,0
2025-12-11 01:10:29; 25711,0 ;       1; ASK ; 25711,0 ; 25711,0
2025-12-11 01:10:33; 25710,75;       3; ASK ; 25710,75; 25710,75
2025-12-11 01:10:35; 25712,25;       2; ASK ; 25712,25; 25712,25
2025-12-11 01:10:36; 25712,5 ;       2; ASK ; 25712,5 ; 25712,5
2025-12-11 01:10:37; 25712,0 ;       1; ASK ; 25712,0 ; 25712,0
